4622 5696
1057 355 1274 420 ,30-

321 538 467 620 copiosior
489 545 568 600 esset
590 556 677 618 quam
706 537 901 616 litigatorum,
925 544 1023 598 tamen
1047 534 1194 616 litigantes
1217 552 1335 615 semper
1359 533 1466 596 iudicio
1490 533 1658 597 interfuisse
1674 534 1869 598 dubitandum
1888 556 1948 599 non
1966 549 2018 600 est.

321 649 416 726 Quam
433 649 471 714 ob
487 669 549 714 rem
566 650 592 712 si
608 669 675 712 reus
690 659 757 730 post
773 651 901 730 priorem
919 650 1082 711 orationem
1099 651 1184 724 lagae
1198 666 1231 708 se
1247 647 1397 710 mandavit
1413 666 1499 710 causa
1514 647 1628 710 diffisus
1644 658 1747 727 negata
1763 649 1848 711 amici
1864 650 2020 714 cuiusdam

321 763 495 826 defensione
517 763 547 826 in
570 763 785 826 contumaciam
807 763 890 824 illum
914 762 1145 824 condemnatum
1169 779 1234 822 esse
1257 777 1432 840 persuasum
1456 759 1558 822 habeo.
1597 761 1627 822 Si
1643 761 1722 824 eninr
1739 763 1802 844 lege
1817 762 1901 825 aliter
1917 765 2021 826 luisset

320 876 530 948 constitutum,
560 876 765 957 unusquisque
788 875 885 938 caedis
909 875 938 937 iu
960 875 1008 936 ius
1031 881 1149 936 vocatus
1173 873 1246 934 clam
1271 870 1345 935 urbo
1367 872 1466 934 relicta
1490 873 1635 936 causidico
1658 874 1772 938 cuidam
1795 893 1912 938 causam
1936 895 2019 940 suem

320 991 463 1070 agendam
488 989 551 1051 sine
575 987 665 1052 dubio
688 989 856 1051 tradidisset
879 997 909 1050 et
931 988 1060 1050 iudicum
1086 985 1232 1064 suffragiis
1255 985 1376 1047 demum
1399 984 1550 1048 absolutus
1573 985 1720 1049 rediisset.

464 1102 582 1175 Quare
605 1108 773 1164 commotus
796 1100 908 1162 iuvenis
931 1096 1029 1178 fugit?
1074 1099 1196 1160 insidias
1224 1106 1254 1159 et
1283 1098 1373 1159 malas
1396 1104 1489 1171 artes,
1516 1097 1622 1179 quibus
1645 1110 1831 1163 accusatores
1855 1101 1967 1164 iudices
1990 1103 2020 1164 iu

323 1223 424 1296 partes
447 1233 516 1276 suas
539 1214 700 1286 traherent,
723 1232 807 1278 reum
831 1213 1021 1293 pertimuisse
1044 1221 1186 1294 patronus
1209 1211 1240 1276 in
1264 1210 1383 1272 exordio
1400 1211 1543 1274 orationis
1560 1211 1679 1293 exponit
1695 1211 1757 1288 (Fd
1774 1214 1813 1293 1).
1850 1213 1929 1278 Talia
1946 1215 2020 1278 lacta

321 1348 386 1392 esse
406 1327 527 1390 saeculo
549 1335 654 1408 quarto
677 1345 711 1389 ex
727 1326 934 1388 demosthenis
958 1334 988 1386 et
1009 1324 1160 1388 Aeschinis
1184 1323 1399 1402 orationibus¹)
1423 1323 1503 1386 cerni
1526 1333 1637 1405 potest;
1661 1325 1779 1388 Periclis
1802 1335 1901 1389 autem
1925 1335 2020 1392 aetate

321 1441 392 1504 haec
416 1439 603 1502 verisimilia
627 1456 689 1501 nou
712 1438 859 1501 videntur.
896 1439 1053 1500 Praeterea
1076 1437 1196 1508 accedit,
1220 1437 1299 1518 quod
1324 1437 1353 1498 in
1377 1447 1481 1517 quarta
1504 1437 1686 1502 oratiuncula
1709 1439 1856 1501 secundae
1878 1440 2020 1504 orationis

320 1563 491 1634 argumenta
525 1552 690 1634 (129132)
722 1551 805 1614 novis
838 1551 1017 1614 testimoniis
1045 1550 1137 1612 allatis
1170 1549 1400 1612 confirmantur:
1441 1547 1523 1612 Γδ2
1558 1545 1590 1612 oi
1622 1547 1685 1633 γὰρ
1715 1546 1875 1634 μάρτυρες
1903 1549 2020 1616 τοῦτόν

321 1681 427 1748 φασιν
456 1661 554 1748 ἄρξαι
581 1665 637 1748 τῆς
664 1660 806 1746 πληγῆς,
834 1684 850 1726 e
878 1664 985 1745 quibus
1013 1663 1130 1726 iuvenis
1160 1662 1304 1743 supplicio
1338 1661 1424 1724 adfici
1465 1680 1526 1724 non
1559 1663 1719 1744 potuisset,
1752 1667 1922 1745 praesertim
1952 1686 2044 1730 cum·

321 1787 473 1842 accusator
503 1778 579 1860 ipse,
612 1786 644 1840 ut
670 1796 759 1858 supra
787 1777 928 1852 vidimus,
958 1777 1095 1838 iuvenem
1124 1775 1291 1837 inconsulto
1323 1775 1444 1836 caedem
1468 1783 1598 1856 patrasse
1621 1775 1773 1856 professus
1796 1787 1875 1840 esset
1896 1779 2020 1861 ideoque

322 1891 396 1954 nihil
418 1890 545 1972 amplius
569 1909 657 1970 quam
680 1890 797 1952 exilium
821 1909 872 1952 reo
895 1897 975 1952 esset
998 1889 1173 1951 timendum.
1219 1888 1322 1968 Neque
1352 1905 1432 1950 nunc
1459 1887 1578 1967 quidem
1607 1888 1757 1963 defensor,
1785 1909 1854 1953 cum
1875 1909 1960 1954 reum
1984 1893 2019 1954 ab

320 2003 433 2084 impetu
455 2005 536 2066 senis
558 2022 591 2065 se
615 2003 773 2065 defendere
795 2010 930 2066 coactum
954 2021 1017 2064 esse
1040 2010 1170 2072 constat,
1198 2000 1276 2063 illam
1305 2001 1401 2078 legem
1429 2000 1555 2080 profert,
1586 2019 1644 2082 qua
1671 2001 1785 2064 iuvenis
1808 2003 1898 2066 luerit
1920 2004 2019 2066 absol-

321 2115 474 2190 vendue²),
491 2135 670 2198 quamquam
688 2116 792 2178 similis
808 2115 854 2176 lex
871 2115 991 2178 citatur:
1018 2112 1065 2176 Γδ
1081 2114 1100 2174 7
1123 2113 1295 2192 πανταχοῦ
1309 2109 1441 2194 μεγαλα
1456 2109 1611 2195 ἐπιτίμια
1627 2111 1793 2177 ἐπίκειται
1809 2114 1855 2199 τῷ
1870 2112 2018 2198 ἄρξαντι,

320 2227 366 2312 τῷ
389 2226 426 2290 dd
449 2222 642 2312 ἀμυνομένῳ
667 2223 815 2310 οὐδαμοῦ
837 2222 935 2290 οὐδὲν
950 2223 1123 2309 ἐπιτίμιον
1137 2228 1335 2309 γέγραπται,
1359 2247 1435 2308 qnae
1450 2228 1486 2290 ad
1503 2223 1606 2309 νόμον
1621 2225 1734 2302 αἰκίας
1748 2235 1865 2290 tantum
1883 2229 2019 2309 pertinet,

322 2342 400 2424 quod
416 2343 498 2404 notio
514 2341 709 2404 interficiendi
725 2359 870 2422 nusquam
888 2340 1131 2421 deprehenditur.
1159 2338 1251 2413 Quidl
1269 2341 1408 2403 delensor
1424 2358 1523 2404 nonno
1535 2341 1654 2402 disertis
1667 2340 1764 2403 verbis
1777 2341 1912 2403 obtinere
1925 2343 2022 2422 potuit

321 2464 458 2536 cognatos
482 2454 561 2536 ipsos
584 2453 654 2516 huic
676 2453 790 2516 medico
813 2472 914 2516 senem
938 2453 1102 2516 curandum
1126 2453 1299 2524 tradidisse,
1328 2463 1360 2516 ut
1390 2454 1438 2516 ille
1460 2456 1643 2516 vulneratum
1674 2456 1834 2536 perimeret
1855 2463 1943 2536 atque
1964 2456 2020 2536 ipsi

322 2567 386 2632 cius
408 2585 440 2630 re
462 2565 598 2632 familiari
622 2563 809 2648 potirentur?
853 2565 930 2628 llaec
952 2574 1134 2646 argumenta,
1163 2584 1237 2646 quae
1260 2574 1318 2629 tam
1344 2568 1512 2640 manifesta,
1541 2575 1600 2629 tam
1631 2566 1789 2648 probabilia
1813 2577 1910 2642 erunt,
1940 2569 2021 2632 nullo

323 2679 410 2743 verbo
433 2679 647 2760 respiciuntur,
669 2689 698 2744 at
720 2687 820 2742 tamen
844 2687 923 2752 sunt,
946 2678 995 2762 qui
1017 2678 1233 2759 Antiphontem
1257 2679 1309 2742 has
1331 2680 1498 2762 tetralogias
1520 2680 1723 2762 composuisse
1739 2688 1853 2760 putent,
1877 2688 1909 2744 ut
1931 2699 2020 2762 argu-

323 2800 422 2856 menta
445 2788 482 2874 ἐξ
504 2787 640 2856 εἰκότων
663 2792 786 2856 deducta
810 2791 945 2871 discipuli
967 2791 1142 2854 ediscerent.

464 2906 648 2987 Quocunque
670 2904 771 2968 oculos
793 2913 910 2967 nostros
932 2905 1147 2978 convertimus,
1177 2905 1307 2987 undique
1334 2907 1453 2968 inanem
1476 2913 1724 2986 argumentorum
1746 2904 1876 2986 speciem
1900 2915 1929 2968 et
1950 2925 2020 2968 sen-

323 3019 482 3082 tentiarum
505 3018 705 3082 infirmitatem
729 3036 906 3096 cognoscere
930 3036 1099 3099 possumus.
1137 3018 1233 3099 Atque
1257 3018 1344 3080 etiam
1361 3017 1521 3096 blassius³)
1536 3019 1624 3082 huius
1639 3017 1811 3099 tetralogiae
1826 3019 2021 3082 ratiocinandi

323 3133 381 3197 vim
406 3141 435 3196 et
457 3131 743 3213 argumentationem
767 3130 895 3214 pessime
916 3140 1084 3194 contentam
1107 3131 1222 3194 ridetur
1243 3133 1383 3194 sensisse.
1427 3131 1553 3196 blultum
1575 3139 1674 3194 autem
1698 3133 1792 3206 abest,
1814 3139 1848 3194 nt
1868 3131 2019 3194 falsarium

323 3265 413 3328 parvo
436 3245 555 3326 ingenio
577 3245 743 3326 praeditum
767 3245 820 3306 bas
843 3243 1041 3307 oratiunculas
1063 3243 1171 3308 fecisse
1193 3250 1285 3325 putet,
1308 3252 1342 3308 ut
1364 3245 1463 3328 potius
1479 3263 1583 3308 omues
1599 3244 1772 3325 tetralogiae
1786 3243 1874 3310 huius
1889 3243 2019 3308 salebras

324 3357 495 3438 exlegibus
517 3357 697 3442 imperfectis
727 3364 757 3420 et
786 3357 889 3420 ordine
916 3355 1042 3420 iudiciali
1066 3355 1162 3420 Attico
1189 3357 1291 3438 inique
1318 3357 1480 3422 constituto
1508 3366 1588 3420 ortas
1619 3375 1685 3420 esse
1707 3375 1882 3438 persuasum
1906 3357 2019 3422 babeat.

324 3473 366 3536 ad
389 3490 507 3546 cauam,
534 3470 680 3553 equibus
705 3469 925 3550 tetralogiarum
948 3477 1100 3533 auctorem
1124 3488 1224 3532 rerum
1246 3470 1414 3533 forensium
1437 3487 1497 3532 non
1520 3470 1591 3532 satis
1614 3487 1739 3550 gnarum
1771 3468 1863 3534 luisse
1892 3477 2021 3552 apparet,

324 3594 475 3667 praeterea
497 3584 619 3658 accedit,
642 3584 721 3666 quod
743 3582 793 3649 ille
814 3583 927 3646 iudices
950 3582 1041 3644 semel
1063 3583 1292 3663 compellatione
1314 3583 1467 3664 significat,
1491 3600 1565 3663 quae
1588 3583 1618 3644 in
1641 3582 1780 3646 omnibus
1796 3602 1831 3646 er
1847 3584 2022 3665 antiquitate

324 3698 410 3762 nobis
433 3697 547 3761 traditis
576 3696 758 3762 orationibus
784 3695 967 3760 iudicialibus
995 3712 1157 3778 numquam
1187 3697 1345 3780 repetitum
1373 3697 1460 3758 Bal
1491 3695 1570 3758 enim
1597 3693 1714 3758 exhibet
1738 3695 1823 3760 verba
1855 3685 2023 3780 ὦοῖνδρες

324 3809 473 3875 πολῖται.
516 3812 598 3885 Quae
621 3809 815 3873 adlocutionis
836 3808 932 3874 torma
956 3808 1064 3890 aliquid
1086 3809 1197 3873 insoliti
1219 3809 1316 3885 habet,
1349 3809 1429 3890 qnod
1453 3807 1579 3871 usitatae
1602 3808 1715 3871 formae
1743 3818 1827 3872 suut:
1858 3803 2023 3892 ὧᾶνδρες

324 3925 384 3990 sire
407 3917 433 3988 oi
453 3919 572 4009 ἄνδρες
586 3919 740 3987 δικασταί
746 3949 757 4001 ,·
780 3923 811 3986 iu
827 3921 1008 3986 orationibus
1024 3931 1122 3986 autem
1138 3922 1215 4003 apud
1232 3923 1420 4006 Areopagites
1436 3921 1543 3984 habitis
1566 3921 1812 4004 deprehenditur:
1836 3916 1862 3984 oi
1877 3919 1980 4007 βουλή
1987 3919 2022 4006 ⁴),

324 4057 380 4119 qua
403 4045 525 4119 propter
547 4038 623 4101 hanc
645 4039 771 4100 lormem
795 4035 889 4097 virum
913 4040 1029 4097 tantum
1053 4035 1192 4097 adhihere
1213 4035 1348 4115 potuisse
1364 4033 1509 4106 existimo,
1532 4035 1584 4114 qui
1597 4033 1699 4096 iudicii
1714 4035 1802 4099 httici
1818 4035 2019 4102 institutiones

324 4169 446 4234 prorsus
467 4151 656 4232 ignoraverit.
694 4151 728 4213 lu
750 4147 934 4211 orationibus
955 4147 1136 4228 epideicticis
1158 4149 1227 4211 alias
1250 4167 1359 4230 easque
1382 4147 1487 4210 liberes
1508 4146 1619 4210 formes
1643 4167 1709 4211 esse
1725 4156 1880 4228 usurpatas
1897 4161 2022 4228 constat,

324 4264 355 4326 id
377 4264 455 4345 quod
477 4265 513 4327 ad
536 4282 638 4328 causas
660 4262 791 4346 publicas
814 4280 876 4323 non
898 4259 1070 4340 pertinctl).

458 4574 479 4630 a)
496 4573 657 4626 nomm
670 4571 740 4636 lllx,
755 4565 780 4624 Ι.
800 4571 921 4625 summu.
940 4571 966 4624 in
981 4570 1096 4638 ctesiph.
1111 4571 1134 4622 l.

459 4661 480 4726 θ)
494 4651 547 4714 dciv
563 4676 605 4716 uc
621 4651 794 4727 ἀμυνόμενος
807 4653 931 4726 depono
944 4658 1047 4728 χειροῖν
1059 4653 1162 4713 ἀδίκων
1172 4659 1270 4726 κτείνῃ,
1287 4652 1412 4723 καθαρὸς
1422 4655 1501 4720 doro,
1513 4653 1545 4708 el.
1558 4655 1717 4708 beneothan.
1730 4655 1822 4721 xxm,
1835 4659 1882 4722 6⁰3
1900 4657 2023 4726 Philippi,

325 4751 377 4802 Ber
396 4749 513 4816 hreopeg
530 4764 553 4798 u.
573 4747 614 4798 die
630 4744 751 4812 Epheson,
769 4760 794 4810 p.
808 4745 849 4796 dd.
870 4745 953 4796 [ιοοοι
975 4760 991 4795 ι
1016 4744 1112 4796 disseio
1133 4743 1261 4796 adbibitus
1284 4742 1340 4808 (ule
1362 4749 1410 4795 att.
1436 4742 1596 4794 Berednmlr.
1613 4741 1650 4806 1¹,
1668 4758 1692 4809 p.
1707 4743 1754 4794 lus
1770 4744 1834 4794 hdn.
1850 4743 1883 4810 l),
1908 4751 1936 4795 nt
1958 4745 2023 4797 beno

328 4841 409 4904 legen
428 4837 466 4888 ite
483 4833 699 4901 interpretandam
718 4847 766 4882 non
786 4845 844 4884 esse
862 4833 1058 4894 demonstraret,
1075 4846 1091 4882 ι
1109 4837 1197 4882 nostra
1213 4830 1364 4898 quaestione
1381 4828 1510 4896 abhorret
1529 4845 1585 4881 nam
1598 4829 1622 4880 in
1636 4829 1681 4882 illa
1694 4829 1812 4883 erutione
1829 4829 2023 4884 Dmertbmics

326 4925 374 4988 (or.
387 4921 459 4986 XXI,
473 4923 518 4984 t1;
532 4923 573 4983 ab)
593 4921 663 4970 netio
682 4912 777 4990 ἄρχειν
790 4916 892 4989 χειροῖν
907 4911 1011 4970 ἀδίκων
1028 4919 1108 4970 deest.

404 5033 406 5038 ·
460 5008 480 5072 θ)
500 5008 543 5058 llic
561 5013 607 5058 ott.
622 5003 833 5070 ductuum,
845 5020 867 5073 p.
883 5003 939 5055 lta

461 5096 482 5155 ⁴)
500 5093 619 5160 Philippi,
638 5093 687 5144 lior
705 5093 824 5160 Areopag
841 5107 864 5142 n.
883 5091 925 5142 die
944 5089 1065 5156 llpbetcn,
1083 5104 1106 5157 p.
1117 5088 1168 5152 ³23
1185 5088 1245 5140 82³.

462 5181 482 5245 ι)
501 5180 658 5233 Demosthen.
673 5181 712 5231 ed.
726 5177 854 5230 hebdentz
870 5193 894 5244 p.
910 5177 965 5230 tte.
