4622 5696
1036 370 1253 438 ..27-

294 555 410 616 firmare
444 551 580 614 iuvenem
614 551 719 616 iniusta
758 572 830 616 noce
859 553 932 614 facta
967 571 1071 614 senem
1107 549 1270 614 occidisse?
1310 551 1344 614 ln
1378 547 1600 632 posterioribus
1614 549 1693 614 enim
1717 551 1908 614 oratiunculis
1931 569 1992 614 uon

295 665 382 728 modo
406 681 510 727 senem
533 664 734 745 compluribus
757 664 862 726 diebus
885 674 952 746 post
976 673 1125 728 mortuum
1149 665 1256 742 esso¹),
1290 664 1341 728 sed
1366 665 1452 728 etiam
1476 665 1539 727 aliis
1565 664 1745 728 testimoniis
1772 665 1864 726 allatis
1891 682 1991 726 sonem

294 778 387 840 rixam
410 797 547 841 exorsum
578 796 643 840 esse
679 777 853 850 ostenditur,
887 787 919 840 ut
941 777 978 838 de
1001 777 1088 840 caede
1111 777 1233 840 consilio
1264 777 1421 840 commissa
1454 778 1576 840 omnino
1598 795 1659 841 non
1692 777 1731 840 sit
1763 776 1992 858 cogitandumlt.

294 893 417 955 Maxime
440 899 539 954 autem
562 890 716 952 admiratio
741 889 913 964 movebitur,
937 909 1004 954 cunt
1028 890 1217 971 contemplati
1240 890 1351 954 erimus
1367 891 1398 953 iu
1414 891 1509 952 causis
1530 890 1655 971 publicis
1672 908 1731 952 non
1750 891 1846 952 atinus
1861 897 1993 952 actorem

295 1015 325 1068 et
346 1023 430 1068 reum
452 1003 577 1068 solemni
599 1004 664 1066 iure
686 1003 813 1066 iurando
835 1003 955 1066 adactos
971 1022 1038 1066 esse
1057 1022 1147 1084 quam
1166 1011 1255 1066 testes
1272 1003 1639 1084 utrimque‘produotosb.
1672 1002 1703 1064 Si
1719 1022 1787 1065 vero
1803 1001 1869 1082 quis
1885 1001 1992 1063 falsum

296 1117 498 1182 testimouium
521 1117 647 1180 edidisse
669 1116 893 1197 coarguebatur,
918 1116 1001 1178 facile
1024 1117 1152 1198 γραφῆς
1175 1113 1470 1199 ψευδομαρτυριῶν
1491 1116 1623 1178 accusari
1649 1123 1773 1195 poterat.
1817 1116 1898 1189 Quae
1924 1135 1992 1178 cum

297 1233 333 1294 ita
355 1250 421 1293 sese
443 1229 581 1304 babeant,
602 1237 693 1292 testes
715 1229 786 1293 illud
809 1248 928 1310 quoque
952 1229 1155 1292 testimonium
1179 1229 1237 1290 lide
1259 1229 1465 1291 confirmatum
1489 1228 1614 1291 edidisse
1629 1228 1809 1290 credendum
1832 1228 1917 1290 nobis
1933 1238 1991 1304 est;

292 1344 375 1406 aliter
398 1342 477 1404 eninr
501 1341 565 1404 lieri
587 1358 649 1404 nou
672 1348 798 1422 poterat,
824 1350 857 1402 ut
878 1337 989 1423 ἄρχων
1012 1334 1178 1420 βασιλεύς,
1207 1359 1274 1402 cum
1302 1343 1416 1420 cognati
1440 1341 1577 1403 iuvenem
1600 1341 1631 1402 in
1658 1341 1704 1402 ius
1731 1350 1878 1410 vocarent,
1906 1360 1991 1404 accu-

291 1455 439 1518 sationem
461 1453 614 1534 acciperot,
638 1463 667 1518 et
690 1473 776 1516 causa
803 1453 832 1514 in
860 1452 968 1515 iudicio
995 1449 1031 1514 dv
1052 1447 1260 1536 Ἀρετοποὶγῳ
1287 1463 1433 1533 ageretur.
1480 1453 1587 1514 Verum
1616 1453 1690 1515 banc
1716 1453 1894 1514 sententiam
1923 1454 1993 1516 dum

292 1568 512 1651 perpendimus,
529 1585 622 1628 norae
639 1566 770 1647 undique
782 1574 972 1628 succrescunt
984 1565 1181 1628 difficultates.
1216 1566 1248 1628 ln
1262 1567 1391 1630 secunda
1404 1568 1482 1628 onim
1496 1567 1678 1629 oratiuncula
1691 1585 1759 1628 reus
1772 1566 1992 1628 criminationes

292 1681 422 1742 refutare
444 1680 546 1742 studet
569 1689 599 1740 et
628 1696 731 1740 senem
761 1679 855 1740 rixam
882 1696 1023 1758 exorsum
1054 1697 1118 1739 esse
1148 1679 1314 1740 contendit:
1340 1677 1422 1758 set
1445 1677 1503 1742 τὸν
1524 1677 1586 1760 γὰρ
1609 1675 1751 1758 ἄρξαντα
1773 1679 1828 1760 τῆς
1853 1677 1991 1761 πληγῆς,

294 1791 325 1854 sl
346 1791 406 1874 pir
437 1787 562 1874 σιδήρῳ
585 1786 605 1873 ἢ
628 1786 765 1872 λίθῳ.ἢ
793 1787 877 1872 ξύλῳ
905 1785 1079 1872 ἠμυνάμην
1104 1784 1217 1866 αὐτόν,
1244 1785 1381 1874 ἠδίκουν
1412 1789 1474 1872 μὲν
1500 1786 1568 1854 οὐδ’
1595 1785 1712 1867 odrae,-
1743 1810 1818 1870 quae
1845 1810 1905 1852 non
1933 1802 1992 1854 tam

295 1911 481 1984 exponuntur
504 1921 591 1982 quam
616 1903 743 1966 strictim
767 1911 881 1964 tantum
905 1902 994 1964 modo
1018 1903 1211 1982 proferuntur
1233 1903 1322 1965 nullis
1345 1904 1523 1966 testimoniis
1546 1903 1694 1972 adhibitis,
1724 1903 1812 1966 nullis
1836 1905 1993 1966 verborum

294 2015 517 2097 probationibus
540 2015 641 2078 allatis.
686 2014 795 2087 Quidni
818 2013 961 2076 hocloco
984 2014 1163 2076 testimoniis
1186 2013 1318 2077 defensio
1340 2011 1503 2077 fulciatur?
1536 2015 1588 2076 Vis
1611 2016 1671 2076 veri
1694 2014 1790 2076 simile
1812 2026 1857 2078 ost
1879 2017 1992 2078 iudices

292 2129 407 2190 iuvenis
432 2128 529 2190 verbis
552 2128 640 2190 fidem
666 2127 830 2188 tributuros
854 2127 953 2198 fuisse,
976 2124 1150 2206 praesertim
1174 2145 1240 2188 cum
1263 2135 1355 2188 testes
1379 2127 1558 2190 accusatoris
1573 2128 1686 2188 iurasse
1707 2129 1841 2190 iuvenem
1859 2131 1995 2190 consulto

292 2242 475 2305 interfecisse
505 2259 592 2321 supra
619 2240 790 2302 viderimus.
846 2237 957 2312 Quidni
986 2257 1056 2300 reus
1083 2239 1240 2302 confestim
1267 2240 1451 2302 demonstret
1477 2249 1678 2302 accusatorem
1705 2241 1742 2302 ad
1768 2241 1894 2302 fallacias
1923 2260 1995 2322 pro-

291 2373 427 2434 gressum
450 2373 523 2428 esse,
554 2353 632 2434 quod
656 2353 704 2414 ille
727 2352 763 2413 ab
786 2352 890 2414 iuvene
913 2369 1014 2413 senem
1043 2352 1178 2432 protinus
1207 2361 1344 2414 necatum
1376 2371 1440 2414 esso
1475 2353 1592 2414 disertis
1627 2353 1722 2416 verbis
1756 2353 1994 2417 confirmaverit?

292 2466 350 2530 Sed
373 2485 442 2528 curn
465 2483 555 2526 senex
578 2464 680 2545 paucis
703 2463 806 2526 diebus
829 2473 898 2544 post
924 2483 940 2526 ο
964 2463 1022 2526 vita
1049 2463 1214 2534 excesserit,
1246 2465 1324 2544 quod
1355 2465 1497 2538 medicus,
1529 2466 1612 2528 cuius
1644 2485 1731 2528 curae
1765 2469 1880 2544 cognati
1912 2470 1994 2530 illurn

291 2579 482 2652 tradiderant,
506 2596 572 2640 eum
596 2595 734 2657 pervorse
757 2576 891 2640 tractavit
913 2575 976 2656 (Γβ
992 2576 1036 2654 l),
1059 2595 1091 2638 se
1113 2575 1233 2636 omnino
1257 2595 1317 2638 non
1343 2578 1526 2640 interfecisse
1550 2599 1618 2640 reus
1651 2598 1704 2659 pro
1735 2590 1814 2640 certo
1843 2581 1993 2642 adfirmat:

295 2694 323 2756 Γ
318 2691 374 2772 dd
398 2689 461 2770 ἐγώ
484 2688 520 2752 δὲ
543 2689 598 2751 καὶ
622 2685 774 2770 δεύτερον
796 2687 852 2750 καὶ
874 2691 985 2770 τρίτον
1008 2682 1065 2751 οὐκ
1088 2683 1284 2754 ἀποκτεῖναί
1308 2711 1393 2774 φημι
1417 2701 1446 2752 et
1470 2691 1553 2770 spe
1577 2688 1640 2768 ἐγώ
1663 2689 1723 2772 μὲν
1751 2687 1862 2754 οὐδενὶ
1877 2689 1991 2778 τρόπῳ

291 2803 410 2888 φονεὺς
432 2797 534 2866 αὐτοῦ
556 2801 634 2884 εἰμί.
679 2802 818 2876 Quamvis
842 2803 913 2863 baec
935 2801 1114 2865 defensionis
1145 2805 1238 2884 capita
1268 2825 1284 2866 a
1313 2825 1364 2866 reo
1394 2805 1520 2867 dilucide
1554 2807 1746 2886 explicentur,
1781 2806 1890 2886 quibus
1920 2808 1991 2868 nibil

293 2917 478 2980 manifestius
502 2915 558 2978 dici
582 2924 691 2996 potest,
714 2923 813 2976 tamon
838 2913 1003 2995 Philippius
1026 2914 1110 2978 aliter
1132 2917 1242 2978 sentire
1266 2937 1325 2978 non
1349 2918 1491 2980 dubitarit
1515 2919 1654 2980 obtinens
1678 2937 1762 2980 reum
1786 2919 1880 3000 ipsum
1909 2921 1992 2982 fateri

293 3049 323 3092 se
345 3028 512 3092 inconsulto
536 3022 649 3104 (ἄτιον)
673 3023 833 3102 necassell.
879 3025 936 3087 Sed
960 3043 998 3086 ne
1022 3025 1091 3088 huic
1105 3028 1226 3107 quidem
1242 3029 1375 3110 opinioni
1392 3031 1565 3110 adstipulari
1586 3049 1718 3110 possum,
1743 3051 1809 3094 curn
1829 3033 1991 3114 Philippius

293 3140 421 3204 auctoris
444 3139 530 3202 rerba
554 3138 687 3220 argutius
709 3158 797 3219 quam
822 3139 920 3201 nerins
943 3138 1152 3219 interpretatus
1174 3159 1239 3202 esse
1262 3141 1375 3222 aliaque
1400 3143 1429 3204 in
1453 3143 1494 3204 eis
1516 3144 1666 3206 invenisse
1691 3144 1823 3207 rideatur
1842 3165 1875 3208 ac
1897 3147 1992 3226 signi-

292 3255 380 3316 ficare
403 3253 529 3316 voluerit
552 3253 718 3332 tetralogiae
741 3260 851 3314 auctor.
897 3251 987 3314 Cuius
1010 3253 1175 3314 sententiae
1198 3255 1417 3317 confirmandae
1440 3275 1526 3318 causa
1556 3276 1572 3319 a
1601 3257 1748 3337 Philippis
1780 3259 1877 3321 nullus
1908 3260 1990 3322 locus

292 3367 434 3439 adfertur,
456 3386 491 3426 ex
515 3385 573 3447 quo
596 3366 653 3426 boc
673 3363 815 3428 iudicium
839 3372 986 3444 appareat.
1031 3366 1062 3427 Si
1085 3366 1165 3428 enirn
1190 3386 1258 3428 reus
1283 3369 1479 3432 intentissima
1502 3389 1571 3432 cura
1587 3370 1616 3432 id
1634 3372 1749 3451 egisset,
1773 3381 1807 3432 ut
1821 3391 1852 3433 se
1869 3375 1989 3436 caedem

293 3499 351 3542 uon
374 3479 568 3542 voluntariam
594 3479 780 3542 commisisse
806 3478 1068 3556 demonstrarotlt,
1098 3481 1169 3542 satis
1199 3481 1307 3543 fuisset
1331 3481 1477 3544 iudicibus
1504 3483 1684 3547 testimoniis
1711 3503 1858 3566 exponere
1888 3507 1990 3548 senem

292 3592 383 3654 rixam
408 3592 558 3666 incitasse3
581 3591 633 3653 sed
656 3611 725 3653 reus
748 3609 836 3671 porro
858 3591 956 3671 pergit
976 3609 1147 3655 asseverans
1170 3613 1273 3656 sonem
1297 3595 1419 3657 omnino
1442 3613 1503 3656 non
1529 3596 1700 3659 verberibus
1723 3599 1776 3659 sed
1792 3600 1898 3660 medici
1914 3603 1990 3662 mala

294 3724 362 3768 cura
387 3724 452 3768 esse
474 3705 715 3784 interfectum⁶);
740 3725 835 3785 neque
856 3723 918 3766 uno
941 3714 1057 3768 tantum
1080 3709 1146 3770 loeo
1169 3707 1225 3770 ltoc
1247 3708 1382 3782 iactatur,
1405 3709 1455 3770 sed
1480 3709 1641 3772 identidem
1670 3722 1699 3771 et
1722 3730 1773 3790 per
1794 3730 1899 3773 omnes
1924 3731 1990 3774 ora-

295 3817 439 3882 tiunculas
462 3817 665 3898 compluribus
688 3819 786 3880 modis
810 3819 950 3879 variatum
977 3819 1088 3880 medico
1110 3820 1278 3901 inferturl).
1323 3823 1374 3884 Sin
1390 3830 1489 3882 autem
1507 3841 1590 3882 reum
1612 3821 1830 3884 demonstrasse
1854 3825 1991 3904 ponimus

294 3951 325 3994 se
347 3930 469 3994 omniuo
493 3947 553 3992 non
577 3949 698 3992 necasse
721 3932 771 3992 sod
795 3930 911 3993 medico
926 3931 1160 3996 criminationem
1177 3932 1388 4013 imponendam
1405 3955 1479 4006 csse,
1495 3935 1625 4016 penitius
1641 3937 1806 4017 perspicere
1822 3956 1990 4017 possumus,

294 4062 368 4124 quac
389 4051 561 4121 argumenta
584 4052 615 4103 et
637 4062 652 4103 a
676 4061 728 4104 reo
751 4051 779 4104 et
807 4042 843 4105 ab
866 4051 1034 4106 accusatore
1057 4046 1087 4106 in
1111 4043 1349 4127 προδικοισίοιτς
1371 4047 1516 4110 iudicibus
1546 4050 1678 4128 exposita
1707 4050 1775 4112 sint.
1821 4051 1894 4112 Nam
1924 4071 1991 4112 cum

426 4242 447 4310 ¹)
468 4243 530 4308 [pt
548 4243 598 4294 νῦν
615 4239 644 4293 dd
663 4242 774 4299 πολλοῖς
790 4239 901 4312 ἡμέραις
918 4236 1032 4316 ὕστερον
1047 4247 1183 4318 μοχθηρῷ
1202 4247 1288 4316 ἰατρῷ
1305 4246 1480 4317 ἰποτρεφθείτ
1501 4244 1546 4300 ded
1572 4245 1621 4314 τὴν
1645 4252 1693 4301 τοῦ
1716 4251 1811 4320 ἰατροῦ
1833 4254 1993 4322 μοχθηρίαν

295 4331 340 4381 καί
356 4328 387 4383 ori
406 4327 454 4388 τὰς
470 4324 578 4396 ττίηγοίς
596 4326 726 4381 ἀπέθανε.

426 4418 447 4479 ¹)
467 4415 530 4468 nte
550 4414 577 4466 οἰ
594 4411 648 4486 γὰρ
664 4407 798 4485 μάρτυρος
815 4407 913 4466 τοῦτόν
930 4411 977 4478 (ae.
997 4412 1092 4474 senen)
1111 4423 1198 4481 φασιν
1215 4405 1298 4480 ἄρξαι
1315 4413 1358 4478 τῆς
1375 4415 1484 4481 πληγῆς.

429 4503 449 4566 ³)
462 4503 590 4554 Similiter
602 4503 728 4554 iudicavit
739 4517 818 4568 cuper
830 4502 1027 4564 Scboemauaus,
1041 4507 1172 4566 postquam
1184 4501 1335 4550 sententiam
1349 4507 1423 4551 antea
1437 4502 1467 4552 de
1480 4501 1536 4552 iure
1549 4501 1655 4553 iurando
1669 4501 1792 4569 prolatam
1806 4505 1870 4566 (att.
1885 4503 1992 4556 Proaesa

297 4605 318 4658 p.
332 4590 390 4652 675)
411 4590 511 4640 reiecit.
530 4586 587 4650 (Gr.
599 4588 772 4639 Staatsaltert.
785 4587 803 4651 l,
818 4605 839 4654 p.
853 4589 902 4640 bil
916 4588 979 4638 Ado.
996 4589 1028 4646 l.)
1048 4587 1080 4638 of.
1095 4585 1210 4652 Philippi,
1224 4586 1241 4635 l.
1253 4604 1274 4637 c.
1289 4603 1311 4652 p.
1326 4587 1366 4636 st.

429 4677 448 4736 ⁴)
468 4675 519 4726 ller
538 4677 655 4741 Areopag
672 4692 696 4724 u.
716 4675 756 4725 dio
776 4674 898 4741 pretcu‚
918 4692 940 4740 p.
955 4673 999 4724 26:
1021 4673 1070 4723 Der
1090 4671 1248 4735 bugellagte
1262 4671 1334 4736 istja
1349 4671 1655 4734 eingestandeuermsl'lou
1669 4674 1750 4723 solbet
1764 4674 1808 4724 der
1822 4674 1931 4738 'l’biiter3
1946 4693 1993 4728 nur

297 4763 327 4812 ob
346 4764 386 4815 dio
406 4763 513 4813 Abaicbt
531 4779 562 4811 zu
580 4765 652 4813 tiiten
671 4761 817 4812 vorbeudeo
838 4777 900 4825 war,
920 4763 955 4811 ist
973 4759 1136 4822 Geganstand
1156 4759 1200 4808 des
1218 4759 1337 4808 Streitca.
1357 4757 1388 4808 cl.
1403 4775 1424 4824 p.
1440 4759 1480 4810 61.

429 4849 450 4912 ⁶)
468 4847 587 4916 Philippi,
610 4849 626 4898 l.
641 4866 662 4900 c.
675 4865 697 4914 p.
711 4848 756 4899 tt:
775 4848 808 4899 So
827 4848 896 4900 aiebt
909 4863 973 4910 man,
994 4845 1048 4897 dala
1062 4843 1128 4897 Rode
1141 4847 1189 4895 uod
1205 4843 1352 4908 Gegeorede
1365 4845 1420 4896 aicb
1432 4845 1458 4895 in
1472 4845 1527 4896 dam
1539 4843 1637 4894 Streito
1650 4845 1758 4908 bawegt,
1777 4845 1807 4896 ob
1821 4847 1862 4898 die
1874 4841 1993 4916 πρόνοια

295 4937 441 4988 verbanden
462 4951 522 4986 war.

426 5021 448 5088 θ)
469 5024 504 5086 Γβ
520 5023 536 5072 t
554 5011 743 5092 προλεγόντων
753 5015 806 5088 γὰρ
819 5011 891 5086 crispi
903 5021 956 5070 coir
968 5011 1057 5072 ciffum
1070 5017 1177 5086 despair,
1191 5017 1215 5070 εἰ
1228 5014 1325 5084 ταύτην
1350 5015 1401 5085 τὴν
1418 5019 1568 5086 deponetur
1587 5005 1795 5084 θεραπεύσαντα,
1812 5013 1855 5070 ὅτι
1880 5015 1993 5088 ἰάσιμος

295 5103 333 5162 ὢν
349 5101 582 5178 δοοφθορὴοοττο.

430 5193 453 5256 lt
470 5191 502 5246 ef.
523 5193 643 5257 fitdpbr
656 5191 672 5244 d
685 5195 699 5245 8
713 5186 745 5244 οὐ
757 5190 810 5263 γοίρ
824 5187 879 5245 ὑπὸ
891 5193 944 5244 τῶν
956 5191 1068 5260 πληγῶν
1079 5189 1134 5242 attt’
1148 5185 1206 5242 ὑπὸ
1219 5191 1265 5242 τοῦ
1278 5191 1374 5262 ἰατροῦ
1389 5185 1403 5242 ὁ
1418 5183 1485 5256 daie
1497 5181 1644 5242 ἀπέθανεν.
1658 5189 1676 5242 d
1689 5190 1727 5242 ll.

1782 5273 1818 5330 4·
