4622 5696
978 379 1190 448 ...15-

232 566 347 632 disertis
369 563 468 626 verbis
492 562 752 634 confirmaverunt,
786 562 844 624 ulla
876 559 1090 643 approbatione
1121 577 1220 622 carere
1253 559 1452 640 cognorimus,
1485 577 1558 622 num
1581 561 1612 623 in
1646 560 1839 624 oratiunculis
1862 561 1933 642 ipsis

232 678 352 756 vestigia
375 675 521 756 quaedam
545 673 817 754 deprehendantur,
852 691 885 734 er
915 672 1021 753 quihus
1055 673 1205 735 talearium
1240 673 1304 735 illas
1337 673 1545 752 conscripsisse
1577 681 1665 753 atque
1698 673 1754 735 sub
1786 675 1934 755 praeclaro

227 789 424 870 Antiphontis
448 787 568 848 nomine
597 787 725 848 edidisse
751 794 895 865 appareat,
929 787 1094 847 accuratius
1122 785 1260 864 indagare
1287 803 1369 847 nunc
1401 803 1509 864 operae
1542 786 1668 864 pretium
1704 786 1775 847 roihi
1808 786 1932 848 ridetur.

227 903 384 984 imprimis
406 909 504 964 autem
528 899 565 960 de
587 899 690 960 ordine
712 899 839 960 iudiciali
866 906 896 958 et
923 898 959 959 de
992 897 1115 976 legibus,
1150 916 1227 977 quae
1260 897 1290 958 io
1325 897 1487 976 tetralogiis
1522 907 1632 968 extant,
1664 897 1813 978 copiosius
1847 898 1934 960 nobis

230 1015 438 1078 disserendum
463 1022 492 1074 et
514 1012 728 1092 exquirendum
752 1020 806 1082 est,
840 1020 941 1071 utrum
965 1009 1120 1070 illaesum
1145 1010 1240 1088 legum
1272 1011 1442 1088 praeceptis,
1478 1028 1553 1090 quae
1576 1009 1688 1070 sivein
1712 1009 1807 1070 titulis
1832 1010 1934 1072 Atticis

233 1129 296 1191 siae
318 1129 393 1208 apud
416 1136 549 1188 oratores
571 1125 703 1204 aliosque
726 1125 884 1202 scriptores
914 1124 1114 1193 inveniuntur,
1149 1122 1179 1183 iu
1205 1121 1373 1183 universum
1397 1131 1562 1200 congruant
1583 1140 1687 1183 neone.
1734 1121 1764 1183 Si
1796 1123 1874 1184 enim
1904 1123 1934 1186 iu

235 1240 392 1318 tetralogiis
416 1259 460 1307 ea,
484 1257 559 1318 quae
575 1239 611 1298 ad
627 1255 730 1298 causas
747 1237 877 1316 publicas
892 1235 1053 1316 pertinent,
1076 1235 1294 1297 accuratissime
1311 1254 1377 1297 cum
1394 1236 1497 1297 ordine
1518 1235 1654 1309 iudiciali,
1676 1235 1727 1316 qui
1744 1237 1935 1318 Antiphontis

235 1350 417 1432 temporibus
441 1349 564 1414 Athenis
587 1349 712 1428 rigebat,
736 1349 905 1427 conspirare
927 1365 1185 1427 cognosceremus,
1209 1366 1309 1410 rerum
1335 1348 1497 1410 sorensium
1520 1348 1655 1429 peritiam
1677 1367 1712 1410 ac
1727 1349 1936 1428 cognitionem,

233 1485 287 1546 qua
312 1464 535 1540 tetralogiarum
559 1474 663 1524 auctor
685 1461 807 1541 insignis
829 1461 895 1533 fuit,
918 1463 1050 1540 proxime
1073 1461 1109 1522 ab
1133 1461 1174 1522 eis
1197 1459 1309 1530 abesse,
1333 1478 1409 1540 quae
1432 1461 1468 1522 de
1490 1461 1682 1540 Antiphontis
1704 1480 1793 1541 opera
1823 1471 1852 1524 et
1881 1481 1936 1524 usu

231 1577 349 1640 lorensi
373 1575 475 1637 tradita
497 1583 578 1646 sunt,
612 1575 675 1636 iure
698 1573 866 1654 meritoque
887 1575 1040 1636 latendum
1071 1574 1157 1634 euobis
1185 1583 1274 1635 esset.
1319 1572 1476 1645 Quaeres
1505 1575 1600 1655 aliqua
1636 1591 1669 1634 ex
1703 1582 1787 1654 parte
1820 1576 1936 1637 illorum

233 1688 415 1751 senteutiam
438 1695 630 1757 sustentaret,
652 1684 704 1765 qui
727 1685 876 1747 orationes
898 1685 933 1746 ab
958 1685 1138 1765 Antiphonte
1162 1686 1342 1765 conscriptas
1367 1705 1431 1748 esso
1454 1687 1683 1748 contenderunt.
1728 1687 1801 1748 Nam
1823 1707 1889 1749 oum
1906 1689 1936 1749 in

235 1800 407 1878 tetralogiis,
429 1801 493 1860 sire
516 1799 552 1860 ad
575 1798 786 1877 discipulorum
811 1816 897 1859 usum
921 1799 982 1859 sive
1004 1796 1040 1857 ab
1063 1797 1246 1878 Antiphoote
1268 1799 1403 1878 propriae
1420 1799 1639 1860 exercitationis
1655 1817 1740 1860 causa
1758 1801 1938 1880 compositae

239 1923 321 1985 sunt,
343 1913 490 1974 eiusmodi
513 1915 685 1992 argumenta
708 1911 767 1971 sint
789 1910 937 1992 explicata,
971 1910 1065 1991 qualia
1089 1911 1120 1971 in
1143 1911 1201 1972 rita
1224 1911 1353 1972 bumana
1376 1911 1484 1973 cotidie
1506 1912 1638 1973 accidere
1665 1919 1813 1992 poterant,
1847 1922 1881 1974 ut
1902 1931 1937 1974 ex

239 2026 294 2090 illis
316 2025 509 2086 oratiunculis
532 2023 640 2103 aliquid
665 2023 800 2085 utilitatis
823 2033 984 2103 caperetur,
1008 2041 1058 2084 aas
1079 2023 1169 2101 leges,
1193 2033 1354 2104 quactum
1377 2023 1500 2084 Athenis
1518 2023 1662 2100 vigebant,
1686 2024 1815 2104 integras
1830 2025 1938 2104 respici

239 2137 438 2201 necessarium
463 2147 534 2199 erat.
581 2127 886 2216 Fortasse'quispiam
911 2135 1016 2196 dixerit
1037 2135 1112 2196 hanc
1135 2135 1340 2198 condicionem
1365 2155 1430 2197 esse
1452 2153 1713 2215 supervacaneam,
1748 2155 1814 2198 cum
1847 2147 1937 2198 tetra·

236 2252 381 2330 lugierum
405 2251 530 2319 auctori,
554 2249 632 2330 quod
657 2266 717 2309 non
741 2248 776 2309 ad
802 2265 887 2308 usum
911 2251 1061 2308 forensem
1085 2247 1178 2309 iactae
1202 2256 1296 2320 erant,
1324 2266 1425 2310 rerum
1448 2249 1627 2310 iudicialium
1650 2249 1828 2310 rationulis
1851 2249 1939 2310 luerit

235 2361 371 2426 habenda
393 2363 425 2424 in
449 2360 719 2432 declamationibus,
754 2359 862 2439 quibus
884 2379 931 2422 ars
955 2360 1123 2421 inveniendi
1153 2371 1183 2422 et
1213 2361 1407 2422 concludendi
1437 2379 1497 2422 non
1533 2361 1630 2422 minus
1657 2378 1744 2440 quam
1774 2359 1939 2422 volubilitas

240 2486 330 2554 atque
353 2474 396 2536 eis
418 2474 653 2553 delegendorum
670 2472 827 2534 aduersarii
844 2491 979 2534 errorum
997 2480 1193 2534 exerceretur.
1238 2472 1350 2546 Quodsi
1367 2473 1438 2534 baec
1453 2481 1534 2534 recto
1548 2473 1608 2534 talo
1625 2482 1748 2550 starent,
1771 2473 1939 2546 tetralogiae

242 2589 336 2650 multo
361 2586 482 2648 minoris
505 2603 594 2666 quam
618 2585 683 2646 illae
706 2585 906 2666 sophistarum
931 2585 1147 2665 disputationes
1170 2585 1310 2664 temporis
1326 2585 1500 2664 posterioris
1516 2585 1714 2646 aestimandae
1730 2593 1836 2656 essent,
1860 2586 1939 2665 quod

243 2699 344 2761 multis
366 2699 428 2761 aliie
449 2699 537 2760 rebus
561 2698 679 2760 omissis
704 2699 759 2760 ulla
783 2709 846 2760 arte
868 2699 994 2759 oratoria
1017 2705 1046 2760 ot
1068 2697 1214 2760 sermonis
1241 2697 1380 2774 elegantia
1408 2705 1519 2758 carent.
1564 2697 1628 2758 lluc
1653 2697 1773 2772 accedit,
1803 2698 1883 2777 quod
1909 2697 1941 2758 iu

239 2811 482 2890 tetralogiienoo
505 2813 717 2873 moderarum
740 2819 889 2888 gestarum
918 2811 1044 2872 narratio
1075 2827 1197 2890 prorsus
1223 2809 1305 2870 deest
1337 2809 1389 2870 sed
1423 2810 1511 2871 etiam
1546 2821 1718 2888 argumenta
1752 2809 1850 2871 omnia
1884 2810 1940 2872 alia

239 2923 364 2985 strictim
390 2925 598 2986 tantummodo
621 2923 794 2985 adumbrata
817 2933 898 2994 suot,
921 2923 959 2983 its
984 2931 1025 2995 ut,
1050 2939 1105 3001 qua
1129 2921 1172 2982 ria
1195 2940 1229 2984 ac
1250 2921 1366 2983 ratione
1388 2931 1491 2984 auctor
1513 2941 1631 2984 causam
1655 2922 1827 2996 instituerit,
1853 2942 1941 3002 saepe
2032 2939 2035 2946 ’

240 3036 286 3097 aix
309 3037 466 3117 quisquam
491 3037 617 3098 dilucide
640 3053 816 3115 cognoscere
831 3036 933 3115 possit.
978 3035 1208 3112 ‘lotralogiarum
1233 3042 1332 3095 autem
1349 3045 1500 3096 auctorem
1517 3035 1666 3096 orationes
1688 3035 1751 3097 illas
1773 3035 1831 3097 boo
1854 3036 1941 3097 ruodo

245 3151 457 3228 composuisse,
480 3161 514 3210 ut
535 3149 681 3210 iustarum
705 3149 875 3212 orationum
899 3146 1088 3218 iudicialium,
1111 3164 1185 3224 quae
1209 3163 1263 3225 pro
1285 3145 1425 3208 tribunali
1449 3145 1642 3219 habebantur,
1665 3147 1794 3228 speciem
1819 3167 1888 3226 prae
1911 3168 1942 3210 se

245 3259 366 3332 terrem,
388 3279 455 3323 cum
479 3281 515 3323 ex
538 3261 603 3324 eliis
628 3262 728 3323 multis
750 3261 844 3322 causis
865 3269 930 3321 tum
954 3278 990 3320 ex
1013 3277 1044 3320 ea
1068 3276 1100 3319 re
1123 3267 1203 3320 certe
1220 3256 1400 3339 probabilius
1416 3260 1530 3321 ratione
1546 3260 1628 3321 cerni
1645 3268 1751 3340 potest,
1772 3261 1851 3341 quod
1867 3261 1943 3322 duae

245 3371 393 3453 apologiae
415 3392 478 3448 reo,
501 3373 593 3434 sotori
615 3373 689 3435 duee
712 3373 814 3436 itidem
839 3371 1037 3434 accusatorias
1058 3370 1206 3432 orationes
1229 3370 1315 3432 datae
1336 3381 1421 3448 sunt3
1444 3373 1566 3434 Athenis
1589 3372 1667 3434 enim
1691 3374 1720 3434 in
1740 3374 1837 3436 caedis
1852 3374 1942 3436 actio-

243 3484 333 3546 nibus
354 3495 441 3567 atque
463 3486 494 3548 iu
518 3487 669 3548 nonnullis
691 3486 753 3548 aliis
777 3485 892 3548 iudiciis
916 3495 948 3546 et
968 3483 1060 3545 actori
1082 3493 1112 3544 et
1144 3501 1195 3544 rso
1228 3485 1385 3565 perorandi
1418 3483 1462 3546 bis
1491 3493 1621 3566 potestas
1644 3485 1757 3548 solebat
1779 3487 1942 3558 concedi1).

242 3597 318 3661 Tum
342 3598 371 3661 in
395 3600 481 3662 tertie
502 3599 655 3678 tetralogia
679 3607 782 3660 auctor
803 3615 899 3666 reum,
923 3597 1094 3678 priusquam
1118 3597 1213 3659 oratio
1230 3605 1380 3678 postrema
1403 3597 1501 3660 habita
1519 3607 1582 3660 eret
1597 3609 1626 3659 et
1641 3599 1943 3682 iudiceslsenteutiam

242 3713 504 3792 proclamaverant,
528 3709 692 3773 uoluntario
715 3710 801 3771 exilio
823 3709 898 3771 urbe
921 3709 1082 3772 excessisse
1105 3709 1198 3788 lingit,
1221 3709 1250 3770 id
1274 3711 1352 3789 quod
1376 3711 1423 3773 lex
1438 3711 1533 3775 Attice
1556 3729 1607 3773 reo
1631 3713 1775 3791 permisit,
1800 3712 1856 3774 nisi
1879 3711 1944 3792 quis

243 3832 358 3903 patrem
384 3823 573 3900 occiderat’).
617 3824 712 3904 Atque
736 3823 823 3884 etiam
847 3821 1021 3895 identidem,
1042 3833 1076 3883 ut
1091 3822 1121 3883 in
1137 3822 1328 3892 orationibus,
1353 3841 1427 3903 quae
1451 3841 1548 3885 coram
1571 3823 1717 3887 iudicibus
1732 3825 1849 3888 habitae
1864 3837 1944 3900 suot,

244 3935 354 3998 iudices
377 3935 432 4016 ipsi
455 3937 687 4016 compellantur:
715 3937 771 4014 Ad
791 3935 828 3997 13
852 3929 877 3997 oi
900 3930 1017 4016 ἄνδρες
1038 3935 1103 3996 τῶν
1124 3935 1287 4016 μεγίστων
1309 3937 1419 4018 κριταὶ
1442 3937 1496 3997 καὶ
1512 3933 1641 4019 κύριοις
1664 3938 1750 4016 Βγ3
1778 3932 1804 4001 ὦ
1830 3934 1947 4021 ἄνδρες

249 4040 390 4110 ἀνοσίων
412 4044 515 4127 ἔργων
535 4048 690 4129 septasol,
713 4043 814 4110 ὁσίων
837 4043 875 4109 dd
897 4041 1135 4124 decruoipovsgs
1170 4049 1224 4108 Bc
1251 4048 1263 4106 l
1290 4041 1315 4108 ὦ
1347 4043 1463 4129 ἄνδρες
1494 4045 1632 4111 πολῖται
1639 4076 1650 4127 ,·
1684 4044 1798 4129 died
1831 4048 1947 4132 ἄνδρες

250 4154 411 4222 descuvert.
458 4159 567 4222 lleinde
589 4169 693 4222 auctor
715 4177 929 4240 saepenumero
953 4159 1190 4220 testimoniorum
1216 4159 1397 4220 mentionem
1421 4159 1498 4234 iacit,
1523 4161 1630 4241 quibus
1652 4163 1759 4225 veritas
1787 4165 1947 4226 sententiae

247 4272 374 4350 prolatae
396 4273 606 4353 perspiciatur:
633 4273 680 4335 Γοι
703 4273 721 4331 7
744 4271 808 4334 seis
831 4269 868 4332 dd
883 4267 1056 4353 μαρτύριον
1070 4264 1244 4354 ἀκηκόατε,
1272 4274 1308 4334 ot
1321 4273 1477 4355 παρῆσαν
1499 4275 1716 4356 παροινοῦννι
1733 4269 1838 4360 αὐτοῖς
1865 4273 1945 4338 Γδ3

246 4377 281 4445 oi
304 4380 365 4464 γὰρ
386 4383 545 4468 μάρτυρες
566 4381 682 4447 τοῦτόν
704 4400 811 4466 φασιν
833 4378 931 4466 ἄρξαι
953 4385 1012 4468 τῆς
1034 4381 1176 4467 πληγῆςς
1210 4381 1231 4446 d
1253 4383 1272 4446 8
1296 4378 1334 4446 ori
1355 4381 1418 4465 γὰρ
1440 4379 1507 4447 ὑπὸ
1528 4386 1595 4447 τῶν
1622 4384 1757 4470 πληγῶν
1783 4382 1853 4450 ἀλλ’
1880 4383 1947 4451 dard

242 4607 382 4672 homiues
404 4623 689 4682 commemorantur,
713 4611 762 4690 qui
786 4609 933 4672 interfecti
957 4609 1044 4672 rerba
1067 4617 1220 4690 repetunt:
1247 4615 1305 4672 Aa
1328 4609 1347 4669 9
1370 4605 1442 4683 ἑνὸς
1472 4606 1510 4672 ot
1535 4610 1593 4673 τοῦ
1621 4605 1812 4675 ἀκολούθου
1840 4633 1948 4696 παρο-

240 4811 458 4824 -σ-ι-η

379 4939 399 5004 ¹)
417 4939 499 4992 dicier
516 4955 540 4990 u.
561 4939 707 5001 Seblimauo,
726 4937 777 4988 Der
794 4935 903 4987 attiscbe
922 4935 1036 4999 Process,
1054 4949 1104 4985 neu
1123 4934 1207 4986 beerb.
1226 4949 1275 4986 uon
1295 4935 1406 5004 Lipsius.
1444 4938 1508 4990 llerl.
1530 4935 1622 4992 tsetlt
1642 4953 1665 5004 p.
1685 4937 1742 4988 ets.

379 5025 401 5090 ¹)
420 5027 578 5078 Demosthene.
598 5027 623 5076 iu
638 5027 790 5077 Aristocrat.
809 5020 868 5092 §69
886 5025 923 5090 epi
941 5019 972 5074 dd
989 5011 1119 5090 φεύγοντι
1136 5019 1168 5072 τὰ
1186 5021 1238 5090 μὲν
1255 5023 1302 5089 τῆς
1319 5021 1472 5092 διωμοσίας
1488 5017 1582 5084 satra,
1600 5020 1649 5074 aba
1666 5013 1952 5096 πρότερονὸἔξεσῐιν

238 5103 356 5167 εἰπόντα
374 5108 790 5181 1όγ.ινμεοιισινῑναι,κο1οὕθ’
810 5108 826 5163 d
845 5101 952 5162 διώκων
970 5103 1033 5159 οὔθ’
1052 5107 1078 5158 ol
1095 5104 1247 5169 desultoriae
1265 5103 1322 5163 οὔτ’
1335 5105 1416 5168 ἄλλος
1434 5106 1591 5183 ἀνθρώπων
1609 5105 1699 5168 οὐδεὶς
1715 5102 1804 5184 κύριος
1822 5115 1951 5169 κωλῦσαι,

236 5199 274 5254 ei.
298 5197 390 5250 Pollux
409 5197 498 5251 Ouum.
519 5197 582 5264 lllll‚
603 5201 659 5252 111.
694 5200 799 5266 Autipb.
818 5199 849 5250 de
868 5196 961 5249 Herod.
980 5193 1093 5262 caedet
1115 5194 1153 5248 aa.
