4622 5696
1095 343 1314 412 ..13-

355 525 448 588 Reum
473 529 571 587 autem
593 524 671 587 benc
692 541 817 606 poenam
839 520 978 586 timuisse
1000 541 1034 585 ex
1056 523 1207 604 tetralogis
1230 524 1294 606 ipsa
1317 525 1462 591 cerniturt
1491 522 1582 606 Adii
1604 522 1664 590 ἐὰν
1686 524 1724 590 dd
1745 527 1805 594 stis
1826 529 2057 616 καταληφθεὶς

355 631 531 710 ἀποθάνω,
554 632 675 701 ἀνόσια
697 627 808 720 dveidp
831 645 902 710 τοῖς
924 634 1045 699 παισὶν
1066 626 1256 718 dionisium,
1283 633 1304 722 ἢ
1326 639 1440 720 φαγών
1465 639 1567 722 ydoneo
1589 636 1645 701 soti
1668 635 1791 715 ἄπολις
1806 638 1852 707 ὢν
1866 640 1926 707 ἐπὶ
1949 641 2058 720 ξενίας

354 746 545 832 megetiam.
589 749 723 813 Primum
757 767 827 812 reus
861 757 1033 829 argumente
1066 748 1236 812 verisimilia
1270 747 1410 829 (sistito)
1444 752 1584 815 adiacens
1617 769 1649 814 se
1679 754 1782 834 eulpae
1813 767 1963 838 expertem
1992 777 2055 820 esse

354 868 539 930 demonstrat
561 861 707 943 (db—7)
734 871 764 924 et
791 862 989 942 suspicionem
1017 859 1104 923 etiarn
1136 861 1168 922 iu
1197 861 1270 923 alios
1293 871 1425 926 avertere
1447 861 1547 926 studet
1570 863 1605 943 (β
1621 862 1732 942 t-s),
1760 865 1865 930 deinde
1894 868 1925 931 in
1953 879 2054 950 quarta

353 977 539 1043 oratiuncula
566 975 665 1038 subito
696 993 799 1036 omnes
829 993 930 1037 servos
958 992 1029 1036 suns
1056 974 1091 1036 ed
1115 973 1318 1054 quaestionem
1348 993 1399 1056 per
1421 983 1570 1040 tormenta
1592 974 1662 1038 dare
1684 995 1736 1039 sua
1759 988 1866 1058 spome
1890 982 1991 1056 nllert,
2024 991 2056 1044 ut

353 1094 449 1173 ipsum
473 1089 519 1152 illa
544 1097 640 1164 nocte,
663 1107 720 1168 qua
743 1088 811 1150 civis
834 1096 956 1150 necatus
977 1087 1026 1160 sit,
1050 1087 1139 1148 dorna
1157 1104 1217 1148 non
1233 1088 1395 1152 excessisse
1410 1098 1563 1170 appareat:
1595 1086 1686 1152 Ad8
1709 1083 1831 1152 ὁπόσαι
1854 1089 1917 1171 γὰρ
1940 1091 2056 1158 δοῦλοί

352 1225 409 1287 pos
433 1199 452 1286 ἢ
479 1197 596 1265 desiisti
624 1199 707 1276 sios,
738 1197 866 1273 πάντας
888 1194 1106 1282 παραδίδωμι
1128 1199 1328 1279 βασανίσαι·
1351 1199 1407 1263 καὶ
1435 1197 1494 1264 ἐὰν
1522 1199 1567 1285 ps)
1599 1202 1695 1284 φανῶ
1720 1200 1821 1286 ταύτῃ
1843 1203 1884 1289 τῇ
1904 1205 1997 1266 νυκτὶ
2020 1204 2057 1269 ἓν

353 1317 432 1400 οἴκῳ
455 1311 632 1378 καθεύδων
653 1309 673 1396 ἢ
695 1307 839 1384 ἐξελθών
860 1330 943 1383 που,
966 1306 1118 1393 ὁμολογῶ
1140 1306 1261 1394 speraris
1289 1312 1384 1376 alvus.
1428 1313 1520 1388 Quidl
1555 1333 1656 1378 nonne
1686 1315 1840 1378 admiratio
1863 1323 1965 1377 nostra
1990 1316 2056 1378 iure

354 1428 529 1500 maselech,
552 1426 631 1506 quod
652 1435 756 1487 auctor
778 1423 910 1486 nuncin
933 1433 1083 1506 postrema
1106 1424 1291 1489 oratiuncula
1313 1445 1367 1508 per·
1389 1435 1481 1489 testes
1503 1445 1589 1489 reurn
1609 1429 1696 1508 culpa
1714 1447 1837 1492 vacuum
1854 1447 1917 1491 esse
1934 1428 2056 1500 indicat,

354 1551 396 1638 ut⁴
415 1559 474 1602 non
503 1539 591 1600 modo
619 1539 716 1601 emnia
746 1545 917 1615 argumenta
945 1533 982 1596 ab
1011 1546 1138 1618 utraque
1167 1547 1251 1618 parte
1274 1549 1362 1602 autea
1389 1540 1501 1620 prolata
1528 1538 1601 1602 flant
1630 1558 1861 1620 superuacanea,
1890 1539 2054 1602 sedetiam

351 1655 463 1716 iudices
486 1651 642 1716 inutilibus
666 1649 759 1713 verbis
780 1649 875 1710 vexati
898 1649 968 1722 siut,
991 1649 1123 1730 quamvis
1145 1660 1214 1712 ante
1234 1651 1421 1732 Areopagitas
1444 1659 1526 1714 extra
1549 1651 1702 1727 csusam¹)
1725 1653 1824 1716 dicere
1848 1669 1908 1714 non
1931 1650 2055 1714 liceret?

353 1767 511 1830 Orationes
534 1765 686 1828 iudiciales
707 1763 884 1844 plerumque
906 1780 967 1824 uon
990 1769 1050 1822 tam
1074 1760 1111 1823 ad
1133 1761 1285 1826 docendos
1307 1762 1420 1826 indices
1450 1763 1630 1844 compositas
1657 1781 1745 1844 quam
1773 1766 1809 1827 ad
1837 1765 2055 1845 permovendos

354 1879 463 1942 invidia
487 1890 537 1941 aut
557 1877 665 1957 gratia,
693 1876 735 1938 im
762 1885 814 1936 aut
841 1873 1042 1936 misericordia
1069 1874 1185 1936 animos
1216 1875 1364 1940 adhibitos
1394 1895 1461 1938 esse
1483 1876 1639 1968 advocatos
1662 1891 1723 1938 uon
1746 1876 1861 1957 ignoro.
1907 1877 1964 1939 Sed
1988 1895 2054 1939 cum

352 1992 461 2063 omnia,
485 2009 561 2072 quae
583 1991 619 2052 ad
643 2007 744 2051 causas
767 1987 903 2069 eapimlss
926 1986 1085 2066 pertinent,
1108 2005 1226 2050 summa
1248 2005 1316 2049 cnm
1340 1985 1488 2068 diligentia
1511 1989 1654 2070 exquisita
1677 2007 1743 2051 esse
1763 1997 1795 2051 et
1816 1988 1936 2052 iteratas
1959 1991 1990 2050 in
2007 1990 2053 2052 ius

351 2105 530 2176 vocationes,
548 2121 622 2184 quae
640 2091 858 2185 προδιαασίαι
873 2100 1067 2182 appellantur,
1082 2099 1234 2162 institutas
1251 2119 1317 2162 esse
1328 2099 1407 2162 inter
1418 2119 1522 2164 omnes
1536 2095 1661 2174 conciet,
1677 2102 1707 2163 in
1720 2100 1827 2183 quibus
1839 2100 1903 2163 iura
1914 2101 2051 2176 iuranda,

352 2216 530 2289 testimonia,
552 2223 726 2294 argumenta
750 2211 1011 2276 conscribebantur
1031 2218 1063 2274 st
1085 2211 1191 2274 litteris
1214 2230 1333 2294 queque
1354 2213 1614 2294 musignabastur,
1636 2223 1670 2276 ut
1691 2214 1722 2276 in
1746 2213 1860 2276 senone
1875 2213 1937 2294 ipsa
1954 2229 2051 2274 coram

351 2329 496 2392 iudicibus
525 2338 659 2392 oratores
688 2324 915 2408 inspicereut³),
945 2325 1016 2404 quid
1044 2332 1183 2404 putemus
1213 2343 1298 2388 reum
1324 2325 1356 2388 in
1383 2326 1505 2388 anserini
1534 2327 1708 2406 prosilisse,
1744 2343 1803 2408 qne
1833 2326 2050 2389 accusationem

352 2443 540 2506 refellendam
563 2461 629 2504 esse
650 2435 888 2514 demonstraret?
931 2436 1084 2501 lnterdum
1114 2445 1212 2501 auteur
1243 2438 1354 2502 laetum
1383 2448 1443 2512 est,
1474 2451 1507 2502 ut
1528 2439 1654 2502 surmisi
1675 2439 1733 2503 iam
1758 2439 1839 2501 linita
1861 2448 1893 2500 et
1914 2438 2052 2500 omnibns

352 2555 563 2637 probationum
587 2553 794 2616 instrumentis
817 2552 847 2614 in
871 2551 997 2632 capsulis
1021 2551 1128 2614 clausis
1150 2550 1382 2632 designatisque,
1410 2569 1510 2615 coram
1538 2551 1685 2616 iudicibus
1706 2551 1798 2625 sarri,
1828 2552 1881 2632 qui
1902 2552 1938 2614 ad
1962 2569 2052 2633 argu-

352 2681 451 2732 meuta
473 2670 570 2731 adhue
591 2667 703 2748 prolata
726 2683 801 2728 nova
824 2663 992 2726 testimonia
1016 2663 1147 2738 ederent,
1170 2683 1223 2745 per
1238 2673 1386 2728 tormenta
1402 2667 1655 2747 qmererentur⁴).
1698 2663 1743 2726 Ex
1759 2682 1824 2727 mea
1843 2664 1963 2744 quidem
1980 2683 2052 2726 sen·

350 2783 442 2845 tentia
473 2781 594 2843 omnino
624 2778 686 2841 lieri
715 2797 774 2840 non
801 2778 911 2858 potuit,
938 2775 1011 2857 quin
1036 2795 1105 2839 rens
1135 2777 1237 2838 statim
1266 2777 1436 2841 meminerit
1462 2797 1495 2840 se
1520 2778 1567 2840 illa
1594 2786 1681 2841 noete
1706 2795 1766 2859 qus
1799 2777 1902 2840 caedes
1936 2787 2050 2856 patrata

352 2907 414 2958 erat
436 2895 515 2956 dorni
539 2893 692 2964 mansisse,
715 2909 782 2953 enm
806 2891 871 2952 sine
895 2890 951 2951 ulla
973 2888 1157 2953 dubitatione
1178 2890 1316 2971 protinus
1338 2891 1435 2952 caedis
1457 2890 1588 2971 suspicio
1608 2890 1640 2952 io
1663 2907 1732 2952 eum
1756 2899 1835 2952 mota
1851 2890 1900 2952 sit.
1941 2889 2051 2964 Quidni

351 3027 420 3088 prae
444 3009 548 3070 ceteris
571 3008 628 3068 hoc
656 3011 864 3084 argumentum
893 3004 984 3065 servis
1013 3001 1151 3065 adhibitis
1175 3003 1301 3066 testibus
1324 3003 1557 3077 confirmaverit,
1590 3002 1769 3084 simulatque
1799 3002 1831 3066 in
1858 3001 1906 3064 ius
1932 3009 2051 3063 recatus

355 3116 423 3182 est?
460 3117 571 3193 Quodsi
590 3115 758 3194 blaseium),
781 3134 848 3177 cnm
872 3133 940 3176 cens
963 3114 1034 3176 illud
1057 3114 1262 3194 gravissimum
1285 3125 1504 3195 argumentum,
1528 3133 1588 3196 que
1604 3115 1743 3178 omnibus
1757 3114 1888 3178 iudicum
1906 3112 2051 3193 suffragiis

352 3241 415 3293 erat
437 3229 642 3301 absolvendus,
673 3237 856 3308 postremum
880 3227 1006 3309 profert,
1035 3226 1077 3288 illi
1099 3245 1218 3288 summo
1241 3228 1397 3291 commodo
1424 3245 1490 3290 esse
1512 3228 1630 3292 disertis
1653 3227 1751 3290 serbis
1772 3226 1942 3298 contendit,
1971 3224 2050 3306 qued

353 3353 540 3406 accusatores
569 3343 735 3422 argumenti
765 3341 968 3404 auctoritatem
1000 3339 1175 3420 redarguere
1203 3350 1254 3403 aut
1284 3341 1424 3404 refellere
1438 3340 1581 3422 prohibiti
1602 3339 1708 3418 arsat),
1740 3358 1789 3402 nse
1817 3339 1915 3402 iudice
1936 3339 2052 3402 ridetur

352 3457 424 3519 nihil
448 3457 563 3518 dixisse.
608 3455 703 3516 lnrmo
727 3450 808 3514 vero!
832 3470 933 3514 nonne
956 3452 1013 3514 hoe
1035 3452 1123 3513 modo
1145 3453 1176 3514 in
1198 3453 1329 3516 iudicum
1353 3454 1469 3516 animos
1491 3454 1574 3516 facile
1595 3452 1726 3533 suspicio
1750 3450 1932 3515 excitabatur
1954 3467 2051 3522 centu,

356 3581 389 3632 ut
412 3570 496 3650 eulpa
520 3569 708 3640 liberaretur,
739 3584 840 3626 servos
869 3575 971 3645 postas
994 3565 1120 3644 pecunia
1143 3565 1205 3627 sive
1227 3566 1290 3628 aliis
1311 3566 1582 3631 machinationibus
1604 3564 1773 3647 corrupisse
1795 3574 1826 3628 et
1846 3562 2050 3634 commovisse,

351 3695 383 3746 ut
404 3683 511 3746 falsum
534 3681 741 3744 testimonium
764 3698 817 3760 pec
838 3687 984 3741 tormenta
1014 3673 1159 3738 ederent?
1202 3677 1281 3751 Ouid
1309 3691 1407 3744 autem
1435 3692 1621 3744 accusatores
1652 3688 1755 3742 matra
1784 3695 1940 3742 serrorum
1967 3675 2050 3737 testi-

350 3797 457 3866 monia,
481 3795 505 3856 si
528 3795 665 3875 protinus
688 3801 788 3853 essent
810 3792 1009 3872 pronuntiata,
1032 3790 1149 3870 gratim
1172 3793 1306 3873 prolerre
1328 3794 1503 3874 potuissent,
1525 3793 1577 3874 qui
1593 3793 1648 3874 ipsi
1661 3792 1838 3858 testimonio
1854 3789 1932 3852 serui
1946 3788 2049 3850 cnius-

349 3908 417 3969 dam
447 3908 587 3969 commoti
614 3905 831 3969 accusationem
854 3903 933 3966 illam
955 3901 1170 3968 instituerant?
1213 3905 1367 3969 Praeterea
1393 3906 1423 3968 id
1446 3905 1607 3968 tenendum
1631 3914 1675 3967 est
1697 3903 1773 3967 serti
1795 3901 1915 3984 quidem
1941 3898 2049 3961 mortni

350 4021 552 4084 testimouium
576 4040 611 4082 ex
635 4019 811 4082 iudiciorum
833 4017 998 4080 Atticorum
1023 4018 1128 4080 ordine
1150 4017 1222 4080 nibil
1246 4019 1381 4094 valuisse,
1403 4039 1471 4083 euna
1493 4020 1541 4082 ille
1565 4036 1627 4082 non
1649 4036 1704 4099 per
1726 4025 1874 4078 tormenta
1897 4013 2048 4095 quaesitus

350 4144 441 4207 esset,
471 4143 572 4195 contra
602 4149 754 4194 serrorum
784 4130 955 4193 testimonie
983 4145 1059 4212 qnos
1086 4149 1157 4192 reos
1185 4132 1365 4212 torquendos
1392 4133 1566 4204 tradiderat,
1596 4130 1707 4193 snnrmi
1738 4129 1831 4192 luisse
1862 4124 2048 4205 momenti‘).

348 4249 505 4311 Servorum
534 4245 613 4306 enim
642 4243 811 4307 testimonia
838 4263 891 4324 per
918 4249 1068 4306 tormenta
1096 4242 1175 4304 edita
1197 4243 1320 4306 htbenis
1350 4243 1407 4306 iam
1435 4245 1552 4308 saeculo
1583 4243 1687 4325 quinto
1711 4243 1840 4305 firmiora
1863 4261 1928 4302 esse
1950 4247 2048 4320 putata

348 4379 436 4440 qnam
460 4359 567 4422 civium
591 4355 656 4438 quis
681 4356 802 4438 estqui
826 4352 992 4435 nesciat⁸li

483 4559 503 4625 1)
522 4558 608 4623 Psble,
627 4557 675 4610 bie
694 4555 778 4608 liedes
798 4556 843 4606 das
861 4555 1000 4622 Antiphon,
1017 4572 1042 4624 p.
1055 4555 1096 4608 to.

483 4646 505 4712 ἱ)
523 4645 604 4699 Msisr
622 4661 647 4696 n.
665 4643 814 4706 Sebdmsnu,
833 4641 883 4693 liar
900 4648 948 4694 stt.
967 4641 1087 4710 Pressas,
1104 4642 1142 4694 ed.
1160 4641 1276 4710 Lipsius,
1293 4657 1316 4708 p.
1330 4640 1388 4693 titt.

483 4735 505 4799 ³)
523 4734 628 4800 Antipb.
642 4729 683 4797 Vl,
700 4729 839 4796 §db-ld.

481 4823 502 4886 ⁴)
519 4821 600 4873 bleisr
619 4837 642 4870 u.
661 4819 806 4880 Sehdmsnn,
825 4815 876 4867 Der
894 4823 940 4866 stt
961 4815 1076 4879 Pressas,
1095 4814 1133 4866 sd.
1153 4812 1255 4881 Lipsius
1274 4831 1297 4882 p.
1311 4813 1398 4883 osolt.
1416 4815 1521 4878 hemer,
1539 4815 1632 4867 Athea.
1651 4802 1933 4874 Geriobtsssriassssg
1951 4827 1972 4878 p.
1986 4806 2044 4864 312.

482 4909 502 4966 ep
522 4909 568 4959 Die
587 4915 634 4958 stt.
653 4903 812 4958 Beredssmi.
825 4900 861 4966 1¹,
877 4918 901 4971 p.
917 4901 972 4955 tou.

480 4996 500 5060 θ)
519 4995 649 5047 Similiter
668 4993 767 5044 iudicat
785 4988 916 5054 liobmius,
935 4988 953 5039 l.
969 5007 990 5040 e.
1005 4989 1034 5053 ΙΙ,
1047 5004 1069 5054 p.
1085 4987 1124 5040 19.

481 5083 502 5145 7)
521 5083 604 5134 bleier
622 5099 645 5132 u.
664 5081 814 5142 Sublimem,
833 5077 884 5128 Der
901 5082 949 5128 att.
967 5074 1083 5136 Prosess,
1100 5075 1140 5126 cd.
1159 5072 1263 5140 Lipsius
1282 5089 1306 5140 p.
1319 5073 1376 5124 889.

480 5171 502 5234 ⁸)
522 5169 623 5238 Lysias,
643 5183 681 5220 or.
693 5165 732 5232 ΙΙΙ,
747 5166 793 5230 ts,
812 5164 913 5231 tt,1u;
934 5161 984 5226 vlt,
999 5161 1039 5212 ³4.
1059 5159 1234 5226 lindtuallsr,
1253 5161 1307 5211 Van
1326 5162 1373 5212 den
1392 5159 1522 5224 littteras,
1541 5173 1563 5226 p.
1577 5159 1617 5210 tt.
