4622 5696
412 1669 596 1748 Quamquam
622 1669 707 1730 multi
731 1669 787 1729 iarn
813 1669 864 1730 riri
887 1669 965 1730 docti
983 1679 1102 1730 nostrae
1119 1671 1221 1732 aetatis
1238 1668 1430 1749 Antiphontis
1446 1669 1620 1730 Rhamnusii
1636 1671 1816 1732 orationibus
1832 1689 1969 1752 perscru-

270 1781 365 1841 tandis
389 1781 668 1860 considerandisque
696 1781 852 1860 diligenter
879 1799 999 1860 operam
1030 1791 1177 1842 naverunt
1206 1799 1383 1860 summoque
1417 1781 1516 1842 studio
1551 1780 1754 1854 confecerunt,
1790 1795 1822 1845 ut
1857 1793 1968 1847 textum

271 1894 398 1971 legamus
421 1895 456 1954 ad
480 1893 550 1954 artis
574 1893 690 1954 criticae
706 1895 785 1970 leges
802 1893 997 1954 constitutum
1020 1894 1181 1973 multisque
1198 1893 1384 1954 librariorum
1402 1893 1552 1955 erroribus
1570 1894 1734 1967 liberatum,
1759 1905 1858 1956 tamen
1876 1896 1970 1956 adbuc

270 2015 348 2066 artat
374 2014 452 2066 tanta
477 2005 632 2078 dissensio,
666 2015 700 2064 ut
722 2006 782 2065 lere
806 2007 903 2066 omnia
928 2007 1045 2086 scripta.
1080 2025 1155 2086 quae
1183 2006 1237 2066 sub
1261 2005 1435 2067 Rhamnusii
1463 2007 1584 2066 nonrine
1612 2005 1646 2066 ad
1675 2025 1730 2068 nos
1761 2017 1969 2087 pervenerunt,

168 2193 170 2198 ,
268 2129 365 2180 utrum
401 2117 577 2197 Antiphonti
609 2135 644 2178 an
682 2118 728 2179 alii
763 2117 878 2178 cuidam
908 2117 1061 2179 tribuenda
1089 2119 1157 2188 siut,
1192 2117 1353 2180 dubitetur.
1399 2117 1450 2178 Est
1484 2125 1582 2178 autem
1619 2118 1689 2179 haec
1723 2120 1854 2200 quaestio
1888 2121 1969 2182 valde

266 2231 400 2292 intricata
423 2240 453 2292 et
468 2231 569 2292 multis
585 2231 805 2294 difficultatibus
821 2231 969 2310 impedita,
993 2231 1071 2310 quod
1090 2249 1150 2292 nou
1168 2231 1266 2300 modo,
1294 2249 1368 2310 quae
1384 2231 1565 2306 grammatici
1582 2238 1612 2292 et
1626 2231 1763 2292 rhetores
1779 2233 1968 2313 superiorum

269 2353 436 2425 temporum
460 2344 495 2405 de
512 2343 700 2424 Antiphontis
725 2343 779 2404 rita
804 2363 837 2404 ao
859 2342 964 2404 studiis
987 2342 1145 2404 memoriae
1169 2343 1361 2409 tradiderunt.
1385 2343 1508 2404 obscura
1533 2361 1683 2424 paucaque
1706 2353 1787 2414 sum,
1810 2345 1861 2406 sed
1878 2347 1966 2406 etiam

269 2475 302 2518 ex
326 2456 428 2518 multis
451 2456 580 2535 scriptis,
615 2473 689 2534 quaa
712 2455 748 2516 ab
771 2455 954 2535 Antipboute
977 2453 1140 2535 composita
1171 2464 1250 2525 sunt,
1285 2453 1407 2518 minima
1436 2474 1503 2536 pars
1533 2455 1618 2518 nobis
1651 2467 1851 2518 estserrata.
1897 2458 1968 2519 Post

269 2568 369 2630 Blassii
393 2585 503 2641 curam,
537 2568 586 2648 qui
610 2567 743 2630 omnium
768 2571 892 2649 operunr'
915 2568 1043 2640 uomina,
1079 2587 1154 2648 quae
1184 2568 1302 2648 quidem
1331 2567 1367 2628 ab
1393 2568 1457 2630 aliis
1486 2580 1717 2631 commemorata
1739 2579 1818 2642 suot,
1853 2571 1967 2648 collegit
2059 2593 2061 2596 ·

269 2681 480 2761 disposuitque,
504 2699 564 2742 non
589 2690 642 2754 est,
666 2699 719 2742 our
741 2697 803 2742 rem
828 2681 971 2742 hocloco
994 2680 1129 2760 pluribus
1152 2678 1334 2761 exponamb.

418 2790 454 2851 Ut
477 2800 576 2853 autern
600 2791 774 2866 sententias,
797 2811 870 2872 quas
894 2811 987 2872 usque
1010 2794 1046 2853 ad
1071 2792 1127 2854 hoc
1149 2802 1267 2872 tempus
1290 2793 1344 2854 viri
1367 2792 1443 2853 docti
1467 2794 1503 2854 de
1525 2793 1648 2854 serratis
1673 2793 1857 2854 orationibus
1881 2793 1966 2854 Anti·

267 2904 403 2983 phouteis
427 2905 625 2984 protulerunt,
651 2905 750 2984 qrarrcis
774 2906 869 2967 verbis
886 2905 1074 2987 complectar,
1099 2905 1318 2982 Ruhnkenius⁹l
1343 2912 1372 2965 et
1387 2903 1599 2982 hlaotznerus⁸l
1615 2904 1789 2985 Antiphonti
1814 2906 1964 2967 orationes

268 3016 329 3077 illas
353 3035 458 3077 omnes
482 3016 660 3102 addicendus
682 3037 748 3080 osse
771 3018 888 3079 disertis
911 3017 1006 3080 verbis
1029 3017 1258 3090 contenderunt,
1293 3035 1360 3078 cum
1385 3017 1544 3079 nonnullae
1570 3035 1584 3076 a
1615 3017 1762 3081 veteribus
1786 3019 1962 3098 quibusdam

268 3128 476 3208 leucographis
499 3129 675 3190 nominatim
698 3130 833 3204 uitentur,
856 3131 906 3191 sed
931 3129 1139 3207 blaetznerus⁴l
1162 3129 1285 3208 primam
1309 3127 1433 3190 fortasse
1455 3129 1491 3190 ab
1514 3129 1661 3190 imitatore
1677 3130 1806 3208 quadarn
1825 3131 1962 3212 scriptam

266 3259 328 3301 esse
351 3241 499 3314 concedit,
533 3259 622 3322 quem
646 3242 835 3322 Antiphontis
858 3243 976 3321 vestigia
1001 3243 1041 3305 ita
1063 3251 1250 3321 persecutum
1281 3260 1345 3301 esse
1372 3241 1485 3314 statuit,
1519 3251 1551 3304 ut
1585 3242 1648 3320 ipsa
1683 3242 1854 3314 similitudo,
1889 3263 1964 3323 quae

267 3354 426 3415 intercedat
448 3355 526 3416 inter
549 3355 682 3435 discipuli
706 3365 735 3416 et
758 3356 887 3433 magistri
911 3355 1069 3424 orationes,
1093 3353 1226 3414 homines
1250 3353 1429 3414 recentiores
1453 3355 1482 3414 in
1512 3373 1574 3415 eam
1598 3355 1771 3434 opinionem
1800 3355 1964 3430 adduxerit,

267 3475 298 3526 ut
319 3467 413 3528 eidem
436 3467 545 3528 oratori
569 3476 599 3528 et
621 3468 697 3529 hanc
719 3476 748 3529 et
775 3468 901 3548 reliquas
931 3467 1098 3528 tribuerent
1125 3465 1284 3529 orationes.
1329 3465 1461 3538 Quorum
1493 3467 1522 3527 in
1557 3485 1691 3540 numero,
1726 3467 1774 3548 qui
1799 3469 1962 3530 orationem

265 3579 388 3658 primam
411 3579 541 3659 spuriam
565 3597 628 3642 esse
650 3580 864 3652 iudicaverunt,
900 3580 978 3658 quod
1007 3579 1083 3640 illius
1111 3597 1256 3659 nusquam
1283 3579 1393 3640 mentio
1417 3579 1474 3652 liat,
1510 3581 1658 3642 referendi
1688 3593 1760 3643 suut
1783 3581 1962 3660 Lehuerus⁸l

266 3700 293 3751 et
315 3691 535 3772 Spengelius⁶);
557 3693 608 3754 sed
633 3693 681 3753 hio
703 3701 803 3774 postea
827 3693 995 3772 opinionem
1019 3710 1102 3754 suam
1128 3691 1263 3768 reiecit⁷)‚
1299 3709 1365 3752 oum
1390 3709 1537 3752 summam
1566 3692 1643 3753 inter
1671 3711 1733 3752 eam
1763 3693 1961 3754 elocutiones

266 3805 300 3864 de
322 3803 448 3866 llerodis
471 3805 559 3865 caede
582 3805 669 3866 etde
692 3805 831 3867 saltatore
855 3803 966 3866 habitas
990 3803 1127 3864 dictionis
1149 3802 1372 3864 similitudinem
1397 3805 1537 3866 interesse
1561 3815 1718 3866 constaret.
1764 3803 1806 3865 Ab
1832 3806 1876 3866 his
1893 3807 1961 3867 viris

267 3917 513 3994 Schocmannus⁸l
537 3916 680 3989 dissentit,
715 3919 765 3997 qui
789 3919 947 3979 editionem
970 3915 1217 3978 hlaetzuerianam
1240 3934 1398 3978 recensens
1428 3935 1489 3978 non
1523 3918 1609 3978 modo
1637 3917 1762 3996 primam
1792 3919 1843 3980 sed
1873 3920 1959 3980 otiam

267 4029 429 4108 tetralogias
451 4047 525 4109 quae
544 4039 687 4092 vocantur
701 4030 874 4110 Antiphonti
894 4029 1068 4092 abiudicavit
1085 4041 1173 4108 atque
1186 4029 1319 4108 quintam
1332 4041 1447 4091 tantum
1464 4040 1634 4108 sextamque
1651 4031 1799 4093 orationes
1815 4031 1959 4108 genuinas

269 4141 419 4203 arbitratus
443 4150 496 4202 est.
541 4143 634 4214 Quam
658 4142 835 4203 sententiam
860 4142 954 4203 obiter
978 4140 1201 4221 pronuntiatam
1225 4143 1312 4202 certis
1335 4143 1517 4220 argumentis
1534 4141 1709 4203 confirmare
1731 4143 1884 4218 Publius⁰l‚
1907 4144 1957 4224 qui

272 4251 304 4311 de
324 4261 405 4317 textu
428 4253 595 4316 orationum
619 4255 886 4335 Antiphontearum
908 4265 987 4316 recte
1010 4254 1218 4315 constituendo
1242 4255 1353 4334 optimc
1377 4255 1501 4316 meritus
1518 4263 1572 4330 est,
1596 4274 1714 4317 summo
1730 4274 1820 4336 opere
1835 4257 1959 4318 studuit.

270 4417 474 4430 *—

398 4507 417 4572 q
436 4507 480 4560 ilie
499 4507 611 4559 attische
629 4508 828 4572 llaredsamlrait,
846 4507 951 4575 Leipzig
971 4507 1045 4574 1881,
1064 4505 1094 4570 1¹,
1113 4524 1135 4574 p.
1158 4508 1205 4559 102
1224 4521 1259 4573 aq.

397 4596 417 4656 ²)
435 4594 571 4646 Dissertat.
590 4595 621 4647 de
641 4596 744 4662 Autiph.
765 4595 842 4658 Lugd.
862 4593 961 4645 better.
1001 4595 1066 4645 1785
1085 4593 1116 4644 ol.
1141 4593 1267 4658 lleishius,
1288 4593 1371 4646 Oratt.
1391 4603 1554 4659 grauatum.
1575 4593 1626 4658 Vll,
1645 4597 1787 4648 tes-830.

398 4681 418 4747 ³)
437 4682 538 4749 Antiph.
558 4689 636 4735 oratt.
654 4683 740 4735 Berol.
760 4683 825 4734 1838
844 4679 924 4750 prael.
944 4679 987 4733 lV.

399 4769 419 4831 ⁴)
436 4768 469 4820 ci.
486 4769 566 4836 prael.
586 4785 607 4836 p.
629 4772 658 4825 V.

396 4855 416 4916 ὅ)
434 4855 593 4924 Philologica
612 4873 683 4910 cura.
702 4857 817 4910 ilonach.
838 4857 911 4910 1821.

396 4943 417 5005 θ)
434 4939 587 5012 Συναγωγῆ
604 4945 712 5012 τεχνῶν.
749 4945 843 5006 Stuttg.
866 4943 929 4994 1828
950 4960 973 5010 p.
995 4941 1051 4995 118.

398 5029 417 5092 ⁷)
438 5029 524 5081 libain.
544 5029 658 5082 Moesum
679 5031 751 5082 1862.
773 5045 794 5096 p.
813 5029 861 5080 lat
880 5031 953 5081 Aram.
973 5031 996 5080 3.

400 5117 420 5179 ⁸)
440 5117 507 5168 Barl-
526 5117 612 5169 Jahrb.
631 5115 672 5168 liir
690 5118 760 5168 wisa.
780 5113 865 5168 ltrtm
887 5115 951 5168 1839
971 5115 999 5181 ll,
1020 5115 1078 5166 182.

398 5205 419 5270 ⁹)
438 5205 485 5257 bia
504 5205 587 5258 [leden
606 5205 651 5256 dot
669 5203 805 5271 Antiphon.
842 5203 919 5256 laver
941 5202 1015 5255 1860.
