4622 5696
1055 348 1248 428 ..Q-

451 527 527 590 Haeo
554 528 642 590 habui
671 545 746 609 quae
773 525 802 587 in
832 527 1001 588 universum
1034 535 1135 588 contra
1163 525 1436 606 lexicographorum
1470 533 1499 588 et
1524 527 1677 588 rhetorum
1705 528 1908 590 auctoritatem
1942 528 2004 590 dis-

307 651 453 720 putarem.
496 641 619 704 Summa
641 641 761 721 quidem
784 637 966 719 providentia
998 648 1028 698 ot
1058 637 1169 700 cautela
1199 639 1319 700 cumis
1343 637 1568 700 omnibustum
1591 639 1718 702 maxime
1740 640 1769 700 in
1794 639 1880 702 rebus
1896 640 2004 702 criticIs

308 771 382 834 opus
407 762 464 826 est;
487 754 540 814 sed
564 753 612 816 ubi
636 751 734 814 omnia
759 751 818 813 lere
844 759 947 813 contra
976 749 1129 831 scriptoris
1153 749 1305 811 cuiusdam
1329 750 1534 812 auctoritatem
1558 771 1623 814 sese
1647 750 1835 814 coniunxisse
1860 752 2002 823 ridentur,

308 865 347 928 ibi
374 865 449 927 falso
480 865 596 946 pietatis
622 865 720 928 studio
748 863 827 925 ducti
856 882 892 926 ne
920 864 1013 925 simus
1043 863 1131 924 nimis
1160 861 1270 923 morosi
1293 879 1394 924 rerum
1428 862 1601 924 traditarum
1626 864 1805 927 defensores.
1851 863 2001 945 Optimum

307 986 407 1040 autem
436 978 482 1040 illa
510 978 681 1042 testimonia
708 977 793 1059 plane
829 976 981 1055 neglegere
1015 973 1087 1036 mihi
1116 973 1245 1046 videtur,
1280 991 1312 1035 es
1346 973 1455 1054 quibus
1482 976 1540 1038 iam
1574 975 1788 1058 antiquissimis
1822 975 2003 1058 temporibus

308 1090 476 1171 tetralogias
503 1063 684 1172 Antiphonti
713 1089 897 1152 Rhamnusio
928 1088 1088 1168 adscriptas
1114 1107 1180 1150 esse
1209 1097 1333 1152 constat.
1385 1087 1476 1150 Multo
1503 1089 1595 1169 igitur
1623 1089 1678 1153 erit
1707 1090 1806 1154 utilius
1838 1089 2004 1170 tetralogias

308 1202 387 1284 ipsas
410 1203 584 1275 examinare,
608 1221 679 1264 num
703 1201 742 1266 ita
766 1207 952 1280 comparatae
975 1199 1045 1272 sint,
1074 1209 1107 1261 ut
1129 1219 1178 1263 eas
1200 1199 1238 1262 ab
1260 1199 1442 1280 Antiphonte
1465 1203 1644 1284 compositas
1666 1222 1732 1266 esse
1753 1203 1819 1267 iure
1841 1203 2005 1284 meritoque

307 1317 471 1379 coniectare
493 1315 651 1397 possimus.
1563 1363 1580 1398 s

450 1431 545 1510 Atque
567 1429 696 1510 primum
720 1427 839 1509 quidem
863 1426 899 1488 de
923 1426 1052 1489 virorum
1074 1425 1231 1490 doctorum
1255 1427 1412 1489 sententiis
1435 1427 1640 1502 iudimbImus‚
1663 1429 1715 1506 qui
1730 1429 1898 1508 tetralogiss
1920 1428 2004 1491 dnti-

307 1544 418 1625 pbonte
446 1544 548 1623 dignas
579 1563 646 1606 esse
674 1549 866 1605 censuerunt.
916 1541 1100 1622 Quamquam
1131 1541 1162 1602 iu
1194 1539 1384 1602 oratiunculis
1418 1539 1475 1603 illis
1505 1541 1577 1603 nihil
1605 1541 1853 1622 deprehenditur,
1884 1559 1919 1604 ex
1946 1559 2005 1622 quo

308 1665 442 1738 tempora
471 1656 577 1738 quibus
607 1656 788 1737 conscriptae
814 1668 886 1718 sunt
913 1656 1009 1736 aliqua
1039 1673 1105 1716 oum
1135 1653 1338 1734 probabilitate
1366 1654 1400 1715 ad
1429 1663 1525 1716 certos
1552 1655 1696 1718 terminos
1725 1655 1857 1718 revocari
1883 1655 2004 1736 possint,

307 1776 396 1849 atque
422 1786 528 1829 omues
556 1767 618 1830 lore
648 1768 701 1831 viri
732 1767 823 1840 docti,
853 1767 903 1848 qui
932 1766 1113 1847 reliquarum
1141 1765 1309 1826 orationum
1341 1773 1475 1848 tempora
1503 1767 1679 1848 inuestigare
1706 1786 1739 1831 ao
1761 1768 1885 1831 definire
1907 1767 2004 1830 eonati

306 1888 394 1953 sunt,
422 1881 643 1960 tetralogiarum
673 1880 752 1943 nullo
777 1879 865 1942 uerbo
889 1879 1072 1941 mentionem
1094 1879 1230 1941 fecerunt
1240 1878 1273 1956 ¹),
1304 1877 1392 1940 nihilo
1418 1879 1516 1943 minus
1539 1879 1715 1956 Becherus')
1746 1898 1807 1942 non
1837 1881 2005 1961 modoque

310 2003 405 2058 aetate
420 1994 550 2074 antipho
573 1993 773 2074 composuerit
794 1993 963 2073 tetralogias
986 1992 1037 2054 sed
1062 1992 1150 2054 etiam
1174 1991 1235 2052 illas
1258 1991 1382 2054 omnino
1405 1993 1441 2053 ad
1463 1992 1642 2072 Protagorae
1663 1993 1859 2057 imitationem
1868 1993 1893 2072 8)
1914 1993 2006 2055 factas

308 2125 371 2169 esse
399 2105 577 2169 firmissimis
606 2107 787 2186 argumentis
816 2105 979 2168 ostendisse
1008 2105 1062 2167 sibi
1090 2105 1170 2167 risus
1194 2111 1247 2166 est.
1292 2103 1369 2166 ilaec
1395 2123 1469 2186 quae
1501 2124 1560 2168 non
1593 2106 1761 2168 dubitamus
1785 2105 1917 2185 multis⁴)
1942 2105 2005 2184 pla-

308 2219 402 2284 citura
425 2238 505 2290 esse,
535 2219 620 2280 nobis
644 2237 701 2280 non
725 2218 840 2300 probari
862 2217 954 2281 libere
977 2219 1112 2281 latemur.
1158 2217 1332 2280 Plutarchus
1342 2217 1367 2296 ⁶)
1390 2218 1468 2279 enim
1493 2219 1649 2281 memoriae
1672 2219 1792 2282 tradidit
1815 2218 2005 2298 Protagoram

307 2349 360 2413 per
371 2340 467 2396 totum
481 2331 559 2394 diem
575 2350 642 2392 oum
656 2331 767 2394 Pericle
778 2332 812 2393 de
824 2349 857 2392 re
868 2331 968 2393 subtili
981 2328 1161 2412 disputasse:
1181 2326 1386 2404 Πεντάθλου,
1410 2330 1516 2410 inquit,
1538 2330 1626 2406 τινὸς
1642 2327 1782 2416 ἀκοντίῳ
1799 2325 2007 2402 πατάξαντος

306 2439 496 2526 Ἐπιτίμιον
516 2441 574 2505 τάν
590 2440 784 2528 Φαρσάλιον
798 2438 961 2518 ἀκουσίως
976 2443 1031 2506 καὶ
1048 2445 1329 2518 κατακτείναντος,
1352 2437 1475 2528 ἡμέραν
1490 2437 1568 2527 ὅλον
1583 2439 1753 2508 ἀναλῶσαι
1769 2445 1832 2521 (sol.
1847 2443 2005 2516 Periclem)

306 2555 390 2640 μετὰ
410 2551 634 2639 Πρωταγόρου
661 2553 904 2638 διαποροῦντα,
935 2551 1075 2638 πότερον
1101 2553 1139 2618 τὸ
1168 2549 1320 2618 ἀκόντιον
1346 2550 1366 2638 ἢ
1392 2554 1449 2618 τὸν
1475 2552 1620 2638 βαλόντα
1647 2553 1667 2640 ἢ
1692 2551 1768 2631 τούς
1794 2552 2007 2635 ἀγωνοθέτας

307 2669 390 2733 κατὰ
403 2668 463 2734 τὸν
477 2664 660 2754 ὀρθότατον
675 2665 774 2747 λόγον
788 2668 916 2742 αίτίοος
931 2667 989 2753 χρὴ
1006 2668 1065 2731 τοῦ
1081 2665 1216 2742 πάθους
1230 2663 1401 2752 ἡγεῖσθαι.
1430 2669 1578 2743 Quoniam
1594 2671 1626 2732 in
1642 2670 1797 2733 secunda
1813 2667 2006 2749 tetralogia

307 2783 434 2847 similem
457 2783 488 2845 io
513 2783 633 2845 modum
657 2782 693 2845 de
716 2783 804 2846 caede
826 2783 911 2864 pueri
933 2781 969 2845 ab
992 2783 1083 2844 altero
1106 2782 1136 2844 iu
1158 2785 1310 2864 gymnasIo
1333 2784 1427 2846 iaculo
1443 2783 1593 2846 interlecti
1608 2793 1745 2858 certatur,
1768 2782 2007 2846 Becherushane

308 2897 513 2978 quaestionem
542 2896 680 2958 subtilem
710 2906 740 2958 et
767 2895 936 2958 intricatam
966 2887 1161 2974 aProta'gora
1187 2896 1284 2977 prImo
1313 2897 1491 2980 propositam
1521 2906 1551 2959 et
1575 2897 1608 2959 in
1635 2897 1743 2960 scholis
1766 2896 1886 2960 Periclis
1908 2903 2006 2959 aetate

305 3017 514 3091 pertractatam
544 3028 607 3072 esse
634 3009 774 3088 sagaciter
801 3007 933 3080 coniecit,
963 3007 1178 3088 Antiphontem
1209 3007 1265 3069 illis
1296 3009 1478 3089 temporibus
1507 3009 1683 3090 Protagorae
1711 3011 1888 3093 discipulum
1914 3009 2006 3072 luisse

307 3141 413 3204 eaque,
444 3141 518 3206 quae
540 3122 572 3184 in
594 3122 693 3184 schola
720 3122 869 3196 audierat,
898 3121 1116 3184 exercitationis
1145 3140 1231 3184 causa
1254 3121 1360 3184 litteris
1383 3122 1565 3203 obsignasse.
1609 3124 1694 3198 Quod
1718 3123 1836 3204 quidem
1860 3123 1897 3186 ab
1919 3122 2007 3184 hnti-

306 3237 418 3317 phonte
444 3236 550 3298 iuvene
576 3250 636 3296 non
666 3235 758 3296 multo
791 3243 859 3316 post
886 3253 973 3316 quam
1000 3233 1134 3315 quaestio
1161 3234 1210 3296 illa
1241 3253 1255 3296 a
1285 3234 1444 3316 Protagora
1473 3243 1552 3298 esset
1581 3237 1731 3318 proposita
1759 3244 2005 3318 pertractataque,

306 3367 371 3412 osse
395 3350 504 3412 iactum
528 3366 676 3430 apparere
712 3347 786 3411 Cum
809 3367 877 3411 vero
900 3367 935 3410 ex
951 3347 1099 3409 Plutarchi
1123 3347 1292 3410 testimonio
1316 3355 1393 3410 certa
1416 3348 1593 3430 probabilius
1615 3351 1730 3412 ratione
1753 3349 1890 3430 cognosci
1912 3347 2006 3430 possit

307 3463 499 3543 Protagoram
522 3462 559 3524 de
583 3461 630 3524 illa
652 3481 685 3524 re
707 3479 774 3523 cum
798 3459 910 3524 Pericle
937 3461 1113 3524 disseruisse
1137 3459 1276 3534 Athenis,
1304 3445 1410 3522 deinde
1438 3479 1505 3525 cum
1529 3462 1719 3542 Protagoram
1744 3463 1790 3525 01.
1812 3460 1963 3538 LXXXIV,
1990 3461 2004 3520 l

307 3574 432 3638 Athenis
455 3575 564 3638 relictis
587 3593 602 3636 a
619 3575 730 3637 Pericle
753 3574 889 3647 electum,
907 3585 941 3637 ut
955 3573 1095 3636 Thurinis
1117 3573 1197 3653 leges
1213 3571 1391 3652 scriberet⁶)‚
1408 3573 1439 3635 in
1455 3573 1567 3638 Italiam
1586 3576 1710 3638 missum
1726 3593 1792 3638 esse
1806 3575 1887 3638 inter
1901 3590 2007 3636 omnes

305 3696 438 3762 constet,
467 3689 571 3751 eodem
599 3689 661 3750 iere
688 3697 824 3769 tempore
846 3686 890 3748 rel
914 3686 996 3768 prius
1020 3696 1050 3749 et
1071 3684 1234 3748 secundam
1256 3685 1438 3765 tetralogiam
1462 3695 1491 3749 et
1514 3687 1639 3769 primam
1662 3689 1839 3770 tertiamque
1862 3687 1897 3750 ab
1919 3686 2007 3748 hati-

305 3784 418 3882 pbubte
446 3801 639 3882 compositam
669 3820 735 3863 esse
757 3820 772 3862 a
796 3799 916 3862 veritate
940 3818 1000 3862 nou
1024 3800 1097 3861 adeo
1121 3798 1290 3871 abhorrere,
1314 3800 1448 3878 quamvis
1471 3801 1502 3862 in
1526 3797 1582 3863 illis
1605 3802 1717 3864 nullum
1741 3799 1897 3880 restiqum
1919 3817 2007 3880 repe·

306 3913 407 3986 riatur,
431 3913 510 3993 quod
534 3932 591 3994 qus
614 3920 706 3976 aetate
729 3914 824 3977 factae
845 3914 904 3976 siut
925 3913 1046 3986 indicet,
1076 3922 1233 3993 procerte
1256 3911 1392 3974 adfirmat
1414 3911 1567 3976 becherus.
1612 3912 1695 3986 Quae
1718 3913 1887 3977 coniectura
1909 3911 2005 3994 primo

305 4026 413 4090 obtutu
436 4025 563 4109 aliquam
586 4024 800 4106 probabihtatis
823 4025 951 4108 speciem
975 4043 1044 4106 prae
1066 4043 1098 4086 se
1121 4027 1179 4085 lert
1202 4041 1300 4104 neque
1323 4023 1489 4097 doluerunt,
1513 4027 1564 4106 qui
1587 4026 1663 4088 hanc
1684 4025 1864 4089 sententiam
1881 4025 2005 4088 summis

304 4138 443 4202 laudibus
467 4137 665 4218 extulerint⁷).
703 4138 777 4202 Cum
800 4146 901 4202 autem
916 4138 1091 4216 Protagoras
1113 4134 1191 4197 cirea
1207 4134 1250 4197 01
1269 4134 1399 4198 LXXXII
1420 4137 1543 4200 Athenis
1567 4147 1661 4201 artem
1683 4138 1877 4221 sophisticam
1901 4138 2008 4200 docere

305 4251 465 4334 coepisset,
487 4251 513 4314 si
534 4251 655 4314 Becheri
677 4251 818 4315 iudIoium
841 4267 1048 4332 sequeremur,
1072 4249 1216 4330 dntipho,
1238 4267 1327 4328 quem
1351 4249 1427 4313 circa
1450 4248 1495 4314 01.
1512 4249 1660 4328 LXXV,1
1686 4258 1788 4316 natum
1812 4249 1911 4330 esse⁸)
1934 4269 2009 4314 con·

442 4486 464 4551 1)
482 4483 619 4549 burchense,
637 4486 668 4536 de
684 4484 842 4552 temporibus
860 4484 1001 4535 orationum
1019 4482 1170 4550 Antiphont.
1206 4477 1347 4532 Prsnklurt
1367 4478 1440 4534 teet.

440 4571 462 4638 ²)
480 4573 516 4624 be
534 4571 733 4639 sophisticarum
751 4571 846 4623 artium
864 4569 984 4636 vestigiis
1003 4569 1068 4636 apnrl
1087 4567 1268 4636 Thucydideo.
1303 4567 1390 4619 berlin
1410 4566 1475 4619 1861
1494 4583 1517 4634 p.
1538 4567 1577 4620 11.

440 4659 462 4725 8)
482 4658 600 4724 Walter,
618 4657 707 4711 Rhein.
726 4657 840 4709 bissenos
857 4655 877 4723 I,
895 4655 953 4708 516.

440 4749 463 4814 ⁴)
481 4747 576 4799 blaseii
604 4745 777 4797 contacturum
801 4746 870 4806 (Att.
901 4745 956 4796 ber.
981 4741 1020 4806 1²,
1050 4742 1109 4807 151)
1133 4740 1284 4806 tetralogias
1308 4749 1366 4809 post
1389 4740 1430 4792 01.
1452 4737 1499 4790 XC
1526 4739 1679 4804 compositas
1708 4751 1765 4790 ease
1799 4735 2007 4803 praetermittere

307 4851 448 4905 possumus,
466 4851 521 4887 cnm
541 4834 595 4886 ullo
613 4831 775 4885 fundamento
796 4839 891 4884 careat.

440 4921 463 4984 ι)
481 4921 542 4975 viu
560 4919 670 4973 Periclis
689 4937 710 4970 c.
724 4921 765 4972 66.

440 5007 462 5072 Β)
481 5006 550 5074 Frui,
570 5007 741 5074 Quaestiones
761 5005 939 5070 Protagoram.
975 5003 1043 5053 bono
1065 5003 1130 5055 1847
1151 5018 1174 5069 p.
1193 5001 1235 5053 68.

441 5095 462 5160 7)
481 5095 589 5160 Belliug‚
607 5095 638 5148 de
657 5095 818 5163 periodorum
836 5092 939 5159 Antiph.
959 5089 1115 5157 symmetria.
1153 5087 1295 5139 Vrutislsr.
1331 5086 1397 5138 1868
1417 5103 1441 5154 p.
1459 5086 1499 5144 et.

438 5185 460 5249 Β)
479 5185 561 5247 Ilisos,
580 5183 628 5234 Die
648 5187 694 5232 stt.
715 5178 873 5233 beredaamk.
891 5177 934 5244 1²,
953 5179 996 5231 95.
