4622 5696
963 325 1271 388 ...4-

322 507 402 581 Quae
424 524 492 570 cum
514 503 668 586 protessus
692 511 781 578 esset,
804 505 982 566 acerrimum
1006 503 1136 565 virorum
1162 503 1315 566 doctorum
1340 509 1488 565 certarnen
1513 511 1647 564 exortum
1671 511 1716 564 est
1730 501 1821 564 Pahlii
1844 501 2019 564 sententiam

220 667 224 676 .
322 631 372 684 aut
395 619 618 682 defendentium
642 626 692 680 aut
708 617 960 682 labelaotnutium.
997 617 1163 680 Adversarii
1180 617 1242 679 eius
1259 615 1420 678 extiterunt
1437 613 1596 696 lloppius¹t
1619 624 1648 677 et
1666 614 1948 694 Wiedenholorus2),
1970 613 2020 694 qui

323 731 465 796 omnibus
486 731 581 794 Pablii
603 731 716 794 reiectis
740 730 922 812 argumentis
946 730 1166 792 demonstrasse
1196 727 1252 790 sibi
1280 727 1418 790 ridentur
1447 728 1573 810 primam
1602 727 1768 790 orationem
1791 726 2020 808 Antiphonteam

323 864 388 908 esse
410 843 592 916 habendsm3
614 853 704 923 atque
727 844 815 906 etism
840 840 992 921 Rothiusl)
1015 842 1136 903 uberius
1160 858 1306 922 exponere
1330 849 1454 904 conatus
1478 849 1523 903 est
1545 841 1714 919 tetralogias
1731 841 1833 921 dignas
1850 859 1924 910 esse,
1948 859 2021 921 quas

322 958 453 1042 Antipho
476 955 685 1033 composuerit.
730 955 798 1016 illos
822 953 941 1035 quidem
967 953 1079 1034 optime
1102 960 1194 1016 totam
1220 954 1257 1016 de
1280 955 1374 1036 prima
1398 953 1533 1015 oratione
1556 953 1758 1034 quaestionem
1787 962 1927 1016 tractasse
1949 951 2021 1015 mihi

321 1071 464 1155 persuasi,
491 1077 529 1141 et,
557 1067 691 1148 quamvis
718 1085 780 1129 non
805 1067 902 1130 omnia
929 1083 1004 1146 quae
1034 1065 1074 1127 illi
1103 1067 1293 1147 protulerunt
1313 1065 1474 1148 probabilia
1506 1066 1575 1139 sint,
1598 1066 2021 1147 tamenorationemprimam

323 1185 360 1249 ab
382 1181 565 1263 Antiphonte
588 1181 783 1261 conscriptam
807 1197 871 1242 esse
894 1179 965 1240 satis
988 1189 1108 1261 apparet
1131 1200 1163 1242 ea
1194 1189 1298 1255 aetate,
1328 1199 1385 1262 qua
1408 1179 1455 1243 hic
1477 1189 1576 1243 orator
1604 1181 1634 1242 io
1664 1180 1848 1260 eloquentiae
1879 1180 2022 1243 tirociniis

323 1295 470 1360 haerebat
505 1293 606 1375 Longe
628 1293 714 1358 aliter
736 1311 802 1355 sese
824 1291 934 1354 hahere
957 1293 1104 1368 existimo,
1127 1311 1204 1373 quae
1227 1293 1349 1356 liothius
1372 1311 1427 1374 pro
1451 1301 1532 1356 certo
1555 1293 1697 1357 adfirmat.
1742 1293 1844 1375 Neque
1867 1292 1947 1356 enim
1976 1292 2022 1355 ille

324 1411 361 1472 dc
383 1407 606 1486 tetralogiarum
629 1405 742 1486 origine
764 1405 851 1468 certis
867 1405 1048 1486 argumentis
1064 1404 1157 1467 allatis
1173 1405 1397 1478 demonstrarit,
1414 1412 1515 1468 utrum
1531 1405 1598 1468 illae
1613 1405 1649 1467 ab
1664 1407 1847 1487 hntiphonte
1863 1405 2022 1485 divulgatae

325 1523 385 1586 siut
407 1538 510 1593 necne,
533 1537 631 1600 neque
654 1516 824 1581 testimonia
848 1535 945 1598 neque
967 1534 1030 1579 rem
1055 1517 1218 1580 iudicialem
1233 1518 1364 1599 penitius
1379 1519 1540 1600 perspexit.
1585 1519 1627 1581 lta
1644 1537 1711 1582 cum
1733 1519 1824 1581 totius
1840 1519 2022 1599 quaestionis

268 1651 272 1660 ·
324 1631 692 1699 transmontanorum
715 1631 838 1693 tirmiter
859 1631 933 1694 iacta
956 1629 1027 1703 sint,
1050 1647 1109 1692 non
1133 1638 1178 1692 est
1201 1631 1320 1704 mirum,
1342 1631 1421 1712 quod
1445 1631 1567 1706 nemini,
1598 1640 1743 1712 quantum
1766 1631 1837 1704 scio,
1870 1647 2021 1694 commen·

325 1748 437 1812 tatione
460 1763 511 1809 sua
534 1745 627 1826 aliqua
652 1763 685 1806 ex
703 1751 787 1825 parte
801 1743 970 1825 probauerit
985 1743 1153 1823 tetralogias
1168 1745 1345 1826 Antiphonti
1368 1745 1535 1808 necessario
1551 1745 1722 1808 tribuendas
1738 1763 1820 1820 essey
1842 1744 1894 1807 sed
1918 1746 2024 1808 dehac

325 1879 357 1926 re
379 1861 476 1924 adhuc
497 1857 533 1920 lis
555 1857 611 1920 sub
632 1857 730 1919 iudice
752 1863 805 1918 est.

466 1971 508 2034 lle
531 1970 631 2051 quinta
654 1976 752 2032 autom
776 1977 909 2031 etsexta
932 1965 1127 2040 orationibus,
1164 1967 1278 2030 etiamsi
1301 1968 1335 2032 ad
1359 1969 1416 2031 hoe
1437 1978 1557 2050 tompus
1579 1969 1657 2032 nulla
1687 1977 1747 2032 erat
1775 1969 1917 2032 dubitatio
1946 1969 2023 2031 inter

325 2086 403 2149 riros
428 2084 531 2146 doctos
554 2118 594 2128 -
617 2082 724 2144 omitto
747 2098 933 2154 enumerare,
955 2097 1030 2160 quac
1055 2077 1200 2158 lonsius⁴)
1222 2086 1384 2160 posteaque
1407 2081 1623 2158 Schlosserns⁵)
1647 2091 1676 2145 et
1698 2080 1871 2162 Sluitcrusl)
1899 2081 2022 2144 strictim

328 2194 537 2262 tantummodo
560 2201 803 2257 censuerunt-
827 2202 925 2256 tamen
948 2209 1025 2254 unus
1048 2191 1146 2252 haesit
1169 2191 1385 2270 Wageneruslt,
1408 2194 1458 2275 qui
1481 2193 1645 2258 orationem
1668 2195 1704 2258 de
1730 2194 1868 2258 saltatore
1894 2194 2022 2256 habitam

326 2329 387 2374 non
410 2309 529 2389 dignam
553 2325 618 2369 esse
640 2323 816 2388 persuasum
839 2305 936 2378 babet,
959 2322 1034 2386 quae
1050 2304 1223 2384 Antiphonti
1247 2305 1453 2368 substituatur.
1499 2307 1600 2388 Neque
1624 2325 1692 2370 uero
1716 2326 1835 2390 possum
1853 2305 1968 2376 adduci,
1992 2315 2025 2368 ut

327 2425 363 2487 ad
379 2419 533 2502 Wagoneri
556 2419 733 2482 sententiam
757 2418 904 2490 accedam,
927 2437 994 2480 curu
1017 2416 1048 2479 in
1072 2416 1249 2498 perlegendo
1271 2417 1369 2479 libello
1393 2436 1480 2482 nemo
1503 2437 1565 2482 non
1587 2429 1745 2500 cognoscat
1767 2437 1863 2501 neque
1879 2437 1912 2479 err
1928 2419 2024 2482 causis

327 2535 457 2618 prolatis,
480 2552 556 2615 quse
578 2532 613 2594 ad
636 2549 700 2594 rem
722 2530 888 2594 iudicialem
913 2537 942 2592 et
964 2531 1130 2611 argumenti
1153 2531 1361 2594 tractationem
1385 2533 1543 2613 pertinent,
1575 2551 1672 2614 neque
1695 2553 1730 2596 ex
1752 2533 1897 2596 sermonis
1920 2532 2023 2612 singu·

327 2647 493 2712 laritatlbus
514 2645 603 2707 ullam
627 2643 852 2708 haesitationem
876 2652 978 2708 contra
1001 2643 1143 2725 originem
1167 2644 1325 2724 genuinam
1350 2655 1379 2707 et
1402 2646 1605 2710 auctoritatem
1628 2647 1706 2710 illius
1734 2645 1873 2709 orationis
1901 2645 2024 2708 derivari

327 2781 425 2845 posse.
470 2758 583 2832 Quibus
605 2757 761 2838 perpensis
783 2757 812 2819 id
836 2756 955 2838 quidem
979 2757 1043 2820 sine
1065 2757 1122 2820 ulla
1146 2755 1330 2822 dubitatione
1352 2757 1506 2821 adfirmare
1532 2777 1693 2839 possumus
1720 2758 1883 2820 orationem
1912 2765 2022 2818 sertam

327 2871 517 2954 Antiphontis
540 2869 647 2946 ossei).

469 2983 510 3045 lie
532 2981 692 3061 tetralogiis
715 2992 826 3055 autom,
850 3000 917 3044 cnm
941 2981 1036 3044 editor
1058 2982 1227 3045 orationum
1250 2983 1518 3065 Antiphontearum
1549 2984 1776 3056 recentissimus
1797 2983 2023 3063 ternsterteiust)

329 3096 518 3162 acerbissime
541 3095 569 3157 in
595 3114 645 3157 eos
668 3095 833 3166 invehatur,
856 3095 905 3175 qui
927 3095 990 3158 illas
1013 3096 1213 3158 oratiunculas
1235 3114 1251 3158 a
1273 3097 1457 3160 Rhamnusio
1479 3096 1716 3170 abiudicarerint,
1741 3116 1837 3179 neque
1859 3108 2024 3178 temperare

329 3211 386 3275 sibi
409 3209 513 3291 possit,
547 3208 619 3289 quin
646 3217 857 3287 argumentaa
887 3207 987 3270 Pehlio
1014 3207 1125 3288 prolata
1160 3209 1280 3288 puerilia
1314 3211 1422 3273 iudicet
1454 3245 1495 3258 -
1530 3211 1729 3275 Jernstedtius
1762 3213 1824 3292 ipse
1859 3209 2023 3289 tetralogias

330 3323 472 3405 genuinas
495 3321 649 3394 existimat,
673 3321 750 3403 quod
774 3320 884 3383 trustra
906 3339 1040 3402 quaeras,
1063 3322 1098 3383 ad
1121 3340 1211 3402 quem
1234 3331 1380 3386 oratorem
1404 3325 1468 3388 sire
1491 3326 1638 3388 rhetorem
1655 3325 1726 3388 illud
1742 3325 1914 3387 elocutionis
1931 3343 2023 3406 genus

332 3437 424 3517 magis
448 3434 603 3497 conveniat
624 3452 712 3515 quarn
736 3435 771 3496 ad
795 3451 861 3496 curn
886 3434 935 3514 qui
959 3434 1059 3497 sinon
1082 3433 1147 3507 luit,
1171 3445 1201 3496 at
1224 3435 1322 3498 haberi
1338 3438 1435 3518 potuit
1451 3438 1590 3517 magister
1605 3437 1782 3518 Thucydidis
1797 3471 1839 3482 —
1854 3439 2024 3519 nuperrime

331 3567 424 3610 norae
445 3547 612 3609 sententiae
635 3557 705 3608 sunt
728 3555 880 3626 promptae
908 3547 944 3608 nb
966 3547 1218 3626 ilorwerdeno¹⁰),
1252 3550 1335 3612 cidus
1363 3550 1505 3613 iudicium
1529 3549 1810 3630 bittenbergerus¹¹)
1845 3549 2024 3614 collaudavit.

334 3659 481 3736 Quoniam
504 3659 534 3721 hi
558 3658 612 3718 viri
633 3657 793 3720 doctissimi
817 3658 947 3720 breviter
969 3666 1084 3721 tantum
1109 3667 1138 3720 et
1161 3660 1242 3741 quasi
1265 3661 1296 3722 in
1320 3669 1489 3726 transcursu
1512 3663 1574 3726 illas
1591 3661 1745 3744 opiniones
1760 3664 2026 3745 pronuntiaverunt

334 3781 423 3853 atque
445 3769 593 3850 imprimis
616 3770 647 3830 in
677 3769 776 3833 animo
806 3770 974 3834 habuerunt
1001 3782 1167 3834 monstrare
1190 3775 1266 3838 hanc
1289 3777 1441 3839 materiam
1476 3775 1573 3838 denuo
1605 3775 1863 3857 retractandam¹¹)
1885 3796 1960 3852 esse,
1992 3778 2023 3838 in

465 3944 486 4008 1)
506 3943 734 4010 Antiphonteorum
753 3943 886 4009 specimen.
914 3945 986 3997 llalis
1004 3947 1065 3998 Sar.
1086 3947 1158 3998 tuti.

468 4030 488 4092 2)
507 4030 673 4097 Antiphontis
692 4045 749 4081 ease
767 4031 918 4097 orationem,
936 4049 1008 4099 quam
1026 4033 1151 4086 editiones
1170 4034 1291 4086 exhibent
1309 4036 1422 4102 primam,
1440 4037 1636 4088 demonstratur.
1674 4035 1779 4089 Vindob.
1802 4037 1875 4088 test.

471 4118 491 4181 3)
510 4117 546 4168 De
565 4115 727 4183 Antiphontis
745 4115 894 4171 Rhamnusii
911 4119 1064 4186 tetralogiis.
1101 4119 1255 4188 oldenburg.
1292 4121 1365 4173 1876.

465 4205 485 4267 ‘t
504 4203 539 4254 De
557 4202 675 4268 scriptor.
698 4202 758 4254 hist.
777 4205 837 4271 phil.
874 4203 916 4270 lV,
935 4207 993 4257 325.
1028 4205 1129 4258 Franci.
1152 4207 1224 4261 1659.

465 4290 484 4354 ὅ)
507 4287 727 4352 Universatgescu.
762 4275 896 4342 iibersicbt
914 4292 959 4342 der
978 4291 1069 4345 Gosch.
1088 4297 1133 4346 der
1152 4312 1175 4347 a.
1195 4293 1236 4346 W.
1273 4293 1291 4359 l,
1306 4294 1320 4344 2
1333 4309 1357 4361 p.
1368 4293 1426 4345 261.

465 4376 487 4434 6)
504 4374 640 4426 Lectiones
658 4375 751 4426 Antioc.
788 4376 857 4444 Lips.
895 4377 960 4429 1834
974 4396 995 4446 p.
1009 4380 1050 4432 60.

465 4463 484 4526 ἵ)
503 4460 589 4512 herne
608 4461 639 4512 de
656 4459 829 4513 l’instrnction
848 4463 967 4531 publique
987 4481 1016 4517 en
1035 4467 1155 4534 belgiqne
1177 4467 1241 4522 tuto
1258 4475 1326 4518 tome
1343 4465 1400 4533 Np.
1415 4465 1447 4517 88
1462 4481 1499 4532 sq.

465 4551 484 4614 Β)
504 4547 605 4616 optino
623 4545 766 4614 Philippico
785 4549 815 4600 de
841 4551 958 4603 oratione
981 4553 1109 4606 iudicasse
1133 4553 1193 4606 mihi
1219 4553 1328 4619 videtur,
1356 4554 1399 4619 qni
1425 4551 1613 4604 conclusionem
1642 4551 1835 4620 interpolatoris
1862 4569 1935 4606 mann
1961 4555 2026 4606 male

332 4643 476 4703 corruptam
495 4649 552 4686 esse
570 4641 650 4701 putat.
669 4632 701 4684 ci.
721 4635 770 4685 Der
789 4637 906 4704 Areopag
924 4639 973 4689 nod
991 4639 1032 4691 die
1050 4640 1173 4707 preten.
1208 4641 1294 4692 Berlin
1316 4640 1380 4692 tert
1398 4655 1420 4707 p.
1434 4637 1475 4689 nt.

465 4719 486 4788 ⁹)
505 4719 636 4786 Potropoli
656 4719 721 4774 1880
740 4719 818 4788 prael.
837 4723 870 4773 39
889 4725 952 4775 hde.

454 4806 485 4872 ¹⁰)
504 4805 668 4874 Mnemosyne
688 4805 717 4858 N.
736 4807 762 4860 S.
781 4806 827 4874 lx,
846 4807 909 4875 2003
927 4811 1048 4864 similiter
1065 4812 1175 4866 Cobetua
1194 4812 1363 4874 indicaverat,
1382 4806 1413 4860 cl.
1433 4808 1595 4878 Mnemosyne
1614 4809 1677 4876 Vlll,
1690 4811 1746 4864 ute.

457 4893 489 4960 ¹¹)
508 4893 611 4944 Hermes
628 4891 698 4958 XVI,
717 4893 763 4946 321
784 4893 848 4946 Ado.
864 4895 886 4946 l.

457 4978 488 5044 ¹²)
506 4978 605 5045 Lngeo,
630 4981 695 5047 quod
718 4977 821 5032 Nohmii
846 4982 1038 5036 dissertationes
1062 4983 1118 5047 (liin
1140 4985 1242 5049 beitrag
1265 4998 1310 5034 ane
1327 4980 1410 5045 Frage
1436 4981 1499 5032 iiber
1518 4982 1559 5034 die
1578 4983 1697 5036 Eshtheit
1722 4985 1767 5037 der
1790 4983 1954 5050 Tetralogien
1981 4983 2025 5034 des

333 5065 448 5118 Nedners
470 5064 610 5133 Antiphon,
638 5064 828 5134 l.l’rag1885‚
852 5067 882 5119 ll.
899 5068 1046 5121 Noheuelbe
1067 5071 1142 5134 1886)
1167 5077 1294 5137 postremo
1321 5069 1417 5119 demnas
1444 5073 1559 5134 tempore
1584 5070 1709 5137 inspicere
1736 5078 1857 5138 poteram,
1884 5085 1939 5122 eom
1965 5069 2027 5120 haec

332 5152 472 5220 disputatio
489 5151 538 5204 iam
557 5161 626 5205 esset
644 5151 764 5220 perlecta.
