4622 5696
1037 367 1235 432 ..5-

288 573 418 636 animum
442 573 546 638 induri
569 571 708 636 nonnulla
733 571 769 635 de
804 591 836 635 ea
870 591 902 636 re
936 575 1068 654 prolerre
1103 574 1245 654 novisque
1275 571 1454 651 argumentis
1483 589 1584 633 eorum
1615 567 1765 642 iudicium,
1798 567 1893 648 quoad
1917 567 1982 630 lieri

288 696 395 769 potest,
430 689 612 750 confirmare.
658 686 754 766 Atque
788 685 1035 760 dissertationem,
1069 705 1156 767 quam
1180 705 1245 747 sum
1269 685 1442 765 scripturus,
1475 684 1514 745 ita
1536 682 1697 752 instituam,
1731 690 1765 742 ut
1786 700 1840 761 ego
1862 681 1981 761 quidem

287 802 419 881 primum
444 801 480 863 de
502 800 633 862 virorum
657 798 824 872 sententiis,
853 799 902 881 qui
924 799 1089 878 tetralogiae
1112 798 1303 878 Antiphontis
1327 814 1436 858 nomeu
1454 795 1565 876 optimo
1582 796 1646 856 iure
1661 794 1739 856 lerre
1755 794 1983 868 contenderunt,

290 913 436 993 inquiram
462 922 491 974 et
513 911 697 992 redarguam,
721 911 826 974 deinde
850 911 886 974 de
909 911 1014 973 ordine
1036 910 1175 982 iudiciali,
1206 911 1256 991 qui
1279 911 1308 972 in
1330 910 1388 971 illis
1410 908 1603 973 oratiunculis
1627 907 1864 986 deprehenditur,
1887 906 1983 970 dusius

290 1023 468 1105 disseram).
513 1025 567 1088 llis
589 1025 680 1105 igitur
701 1024 872 1106 praemissis
893 1025 950 1087 iam
975 1024 1010 1087 ad
1033 1025 1147 1104 singula
1170 1023 1298 1086 transire
1320 1022 1398 1085 licet.

431 1482 623 1564 Antiphontis
646 1484 754 1564 scripta
777 1483 870 1562 magis
893 1481 1046 1562 magisque
1070 1483 1101 1543 iu
1124 1482 1302 1545 oblivionem
1328 1482 1444 1544 venisse
1468 1489 1556 1562 atque
1572 1481 1750 1543 clarissimos
1767 1479 1833 1542 illos
1848 1481 1899 1561 qui
1916 1499 1983 1544 eum

291 1597 385 1660 secuti
411 1605 482 1658 sunt
504 1606 635 1660 oratores
659 1595 688 1657 iu
713 1595 823 1657 deliciis
846 1594 983 1658 habuisse
1007 1607 1119 1659 veteres
1142 1613 1200 1658 non
1225 1615 1290 1658 esse
1319 1595 1425 1657 mirum
1454 1594 1574 1666 videtur,
1603 1612 1669 1655 oum
1692 1594 1790 1656 animo
1812 1600 1984 1673 reputamus

288 1727 348 1771 non
371 1710 458 1771 modo
482 1719 615 1790 tempora
639 1716 669 1770 ot
698 1725 797 1770 mores
825 1709 876 1770 sed
906 1711 992 1772 etiam
1017 1723 1148 1773 veterum
1172 1709 1312 1771 iudicium
1337 1709 1474 1788 paulatim
1504 1714 1720 1770 commutatum
1755 1723 1882 1786 moxque
1915 1705 1983 1769 illud

291 1833 440 1886 austerum
462 1822 578 1885 dicendi
601 1840 693 1902 genus
715 1823 885 1901 neglectum
909 1843 975 1885 esse
998 1844 1057 1905 quo
1082 1843 1154 1888 usus
1177 1834 1222 1886 est
1244 1823 1383 1904 Antipho,
1406 1820 1485 1902 quod
1509 1819 1649 1882 obsoletis
1676 1818 1771 1881 verbis
1794 1827 1824 1880 et
1846 1819 1985 1899 grauitate

292 1934 426 1997 dictionis
450 1953 510 1998 non
533 1953 599 1997 raro
623 1934 818 1997 obscuritates
842 1935 975 1999 exhibuit
996 1938 1167 2000 homiuibus
1193 1936 1416 2000 recentioribus.
1463 1934 1675 2016 Antiphontem
1699 1942 1798 1995 antem
1822 1932 1884 1995 suis
1907 1940 1984 1995 tem-

290 2047 409 2127 poribus
432 2065 493 2108 non
515 2047 612 2108 solum
637 2055 697 2108 arte
720 2047 846 2109 oratoria
869 2067 970 2111 verum
994 2050 1081 2112 etiam
1104 2050 1205 2113 multis
1228 2050 1292 2112 aliis
1315 2047 1472 2110 virtutibus
1496 2048 1650 2109 maximam
1674 2046 1795 2125 gloriam
1820 2045 1875 2108 sibi
1897 2062 1985 2126 para-

290 2160 366 2222 visse
390 2177 426 2220 ex
447 2157 654 2240 Thucydidis¹)
684 2158 780 2222 verbis
804 2159 929 2222 dilucide
952 2163 1082 2242 adparet.
1127 2162 1211 2235 Quod
1235 2160 1408 2244 posterioris
1442 2160 1544 2222 aetatis
1572 2157 1664 2222 critici
1694 2177 1753 2221 non
1783 2177 1887 2221 omnes
1914 2177 1986 2221 ron·

291 2273 434 2334 sentiunt.
480 2271 634 2351 Dionysius
664 2271 743 2332 enim
770 2272 1045 2346 halicarnassensis,
1080 2276 1130 2355 qui
1161 2276 1225 2337 eius
1255 2274 1437 2336 mentionem
1470 2272 1548 2346 facit,
1582 2272 1611 2334 in
1649 2272 1817 2334 universum
1851 2271 1986 2334 laudibus

293 2385 414 2462 dignum
451 2399 510 2443 non
545 2391 643 2462 putat,
678 2384 791 2463 singula
825 2395 924 2447 autem
959 2387 1066 2469 scripta
1101 2406 1198 2468 neque
1230 2387 1400 2468 percensuit
1437 2404 1534 2467 neque
1572 2384 1749 2448 nominatim
1788 2385 1986 2446 enumeravit.

291 2495 461 2558 Accusatius
477 2496 619 2558 Caecilius
635 2496 809 2571 Calaminae,
832 2497 882 2578 qui
901 2500 1111 2580 Antiphontem
1137 2501 1263 2582 primum
1287 2501 1388 2561 decem
1416 2507 1566 2561 oratorum
1583 2497 1747 2559 Atticorum
1771 2497 1821 2576 qui
1847 2496 1987 2559 dicuntur

291 2609 433 2680 nominat,
457 2609 520 2670 eius
543 2609 693 2671 orationes
716 2620 746 2670 et
768 2609 883 2672 dicendi
906 2612 1051 2674 rationem
1077 2622 1216 2677 tractasse
1233 2613 1369 2683 traditur,
1392 2629 1459 2672 cum
1477 2619 1506 2672 et
1522 2629 1661 2690 maguum
1677 2609 1713 2672 de
1729 2610 1868 2672 omnibus
1884 2608 1985 2672 decern

290 2721 456 2783 oratoribus
479 2720 580 2784 Atticis
603 2740 676 2802 opus
705 2731 734 2782 et
763 2723 940 2801 singularem
970 2725 1006 2784 de
1033 2725 1212 2806 Antiphonte
1246 2724 1473 2806 disputationem
1508 2721 1744 2804 composuerit⁸).
1788 2723 1986 2785 Vehementer

291 2846 388 2898 autem
412 2843 458 2896 est
480 2833 639 2896 dolendum
664 2852 698 2894 ex
721 2833 778 2896 illis
800 2834 925 2908 iudiciis,
947 2853 1074 2916 quorum
1098 2838 1223 2917 plurima
1246 2846 1306 2899 tam
1329 2845 1462 2898 accurata
1479 2843 1508 2898 et
1523 2833 1640 2898 subtilia
1657 2814 1770 2908 extant,
1791 2834 1985 2898 minutissima

290 2955 404 3010 tautum
433 2947 594 3026 fragmenta
622 2947 708 3009 nobis
741 2947 841 3008 relicta
865 2950 965 3027 esse⁴).
1012 2951 1106 3030 Atque
1140 2950 1227 3011 etiam
1257 2949 1457 3029 Hermogenes
1492 2949 1620 3011 breviter
1653 2958 1769 3011 tantum
1796 2947 1987 3028 Antiphontis

291 3061 461 3141 gravitatem
493 3060 591 3123 laudat
626 3079 724 3142 neque
761 3061 889 3141 singulas
923 3061 1071 3124 orationes
1105 3071 1267 3125 enumerat.
1324 3061 1463 3135 Quamvis
1497 3061 1585 3140 igitur
1618 3062 1691 3124 haec
1722 3060 1829 3124 iudicia
1861 3061 1897 3124 ab
1931 3061 1988 3122 illis

292 3174 470 3254 sapientibus
494 3173 563 3236 viris
586 3173 661 3235 edita
684 3173 749 3236 iure
772 3173 869 3252 magni
893 3173 1087 3236 aestimentur
1110 3193 1206 3255 neque
1229 3175 1263 3237 ad
1287 3175 1501 3255 Antiphontem
1531 3183 1610 3236 recte
1637 3173 1858 3237 diiudicandum
1885 3175 1986 3252 negle-

294 3287 389 3366 genda
412 3289 483 3357 sint,
506 3295 605 3348 mmen
629 3305 663 3348 ex
686 3287 727 3348 eis
752 3285 887 3349 concludi
911 3305 970 3347 non
992 3294 1099 3366 potest,
1117 3295 1215 3349 utrum
1233 3307 1284 3349 eae
1300 3287 1458 3361 orationes,
1482 3306 1555 3368 quae
1572 3306 1652 3350 nunc
1667 3285 1859 3368 Antiphontis
1875 3303 1986 3349 nomen

294 3401 400 3472 lerunt,
416 3401 561 3480 genuinae
577 3401 635 3463 sint
651 3417 754 3464 necne.
789 3399 905 3462 Maioris
922 3402 1067 3464 momenti
1083 3403 1116 3462 ad
1134 3402 1210 3463 hanc
1226 3403 1429 3482 quaestionem
1446 3401 1667 3482 disceptandam
1684 3420 1699 3462 a
1715 3399 1911 3480 grammaticis
1927 3399 1988 3461 sive

291 3512 504 3595 lexicographis
522 3513 670 3576 veteribus
686 3515 800 3594 singula
817 3514 904 3576 verba
921 3515 1152 3576 exorationibus
1169 3525 1301 3596 excerpta
1318 3523 1388 3576 sunt
1399 3515 1538 3594 putanda.
1572 3515 1694 3577 Etiamsi
1706 3514 1770 3576 illos
1782 3512 1987 3592 grammaticos

291 3627 320 3688 in
345 3625 484 3707 operibus
507 3627 722 3708 componendis
745 3627 918 3706 saepissimo
935 3627 1079 3689 erravisse
1099 3646 1196 3708 neque
1212 3647 1278 3690 raro
1294 3646 1446 3708 perversas
1463 3627 1645 3705 minimeque
1659 3626 1736 3688 inter
1752 3645 1784 3688 se
1800 3625 1988 3688 concinentes

290 3739 495 3802 adnotationes
518 3759 552 3802 ex
575 3741 699 3818 singulis
722 3739 839 3820 scriptis
862 3739 1061 3819 desumpsisse
1085 3744 1183 3821 negari
1200 3760 1260 3804 non
1277 3749 1383 3821 potest,
1400 3750 1500 3802 tamen
1520 3740 1698 3802 credendum
1714 3738 1800 3801 nobis
1817 3747 1870 3810 est,
1895 3739 1989 3801 donec

290 3852 435 3915 sententia
460 3859 557 3914 nostra
581 3852 643 3914 aliis
665 3852 759 3914 causis
783 3852 875 3913 allatis
896 3850 1056 3926 refellatur,
1079 3871 1131 3914 eos
1146 3853 1322 3934 scriptorum
1338 3852 1440 3922 libros,
1464 3871 1589 3933 quorum
1606 3851 1726 3913 nomina
1742 3851 1872 3925 tradunt,
1895 3851 1987 3914 oculis

292 3965 399 4028 vidisse
436 3973 464 4026 et
496 3965 662 4046 perlegisse.
717 3963 860 4026 Nonnulla
891 3963 1039 4038 vocabula,
1073 3983 1148 4046 quae
1177 3965 1206 4026 in
1236 3966 1395 4044 tetralogiis
1423 3973 1531 4036 extant,
1567 3965 1724 4026 memoriae
1756 3963 1923 4045 produntur
1952 3963 1988 4026 ab

292 4077 363 4141 lulio
386 4077 515 4150 Polluce,
538 4095 648 4140 nomen
673 4087 771 4139 autem
795 4075 1015 4154 tetralogiarum
1039 4079 1191 4140 reticetur:
1215 4077 1323 4140 Onom.
1339 4079 1374 4152 ll,
1394 4078 1430 4141 13
1453 4073 1601 4160 γηραιός,
1631 4071 1675 4148 ῶς
1698 4073 1905 4158 Θουκυδίδης
1932 4075 1986 4138 καὶ

289 4185 451 4275 Ἀντιφῶν
473 4189 636 4270 (invenitur
659 4192 712 4272 Bp
726 4191 773 4251 11.
793 4189 904 4262 Γα1);
927 4189 1033 4250 Onom.
1049 4190 1084 4265 ll,
1102 4189 1162 4252 119
1178 4185 1460 4274 ἀπολογήσασθαι
1471 4207 1478 4224 ·
1489 4185 1651 4271 Ἀντιφῶν
1666 4185 1703 4250 δὲ
1719 4189 1774 4250 καὶ
1790 4183 1986 4272 ἀπελογήθη

295 4301 417 4382 (A713
440 4301 505 4366 ab.
537 4306 588 4380 By
605 4303 632 4364 2.
663 4305 708 4380 Γ)
730 4303 779 4384 l),·
804 4301 912 4365 Onom.
935 4302 1008 4375 vltt,
1028 4301 1064 4362 tt
1092 4293 1278 4387 ἐπιτ1μημα
1300 4298 1355 4367 καὶ
1378 4300 1419 4378 ῶς
1441 4299 1604 4386 Ἀντιφῶν
1626 4299 1799 4383 ἐπιτίμιον
1821 4303 1884 4380 (Γα
1900 4305 1933 4375 r,
1949 4301 1987 4378 6,·

292 4411 475 4497 19331371
519 4415 595 4478 'lum
621 4415 810 4497 Harpocratio
834 4415 918 4478 verba
943 4416 1087 4496 quaedam
1111 4437 1126 4478 e
1151 4417 1309 4497 tetralogiis
1333 4417 1439 4491 hausit,
1456 4411 1890 4498 τ1.ν.ἀναγιννωσνόμενος·
1913 4409 1988 4478 ἀντ)
2047 4491 2049 4495 ¹

290 4527 350 4590 τοῦ
372 4521 642 4611 ἀναπειθόμενος
659 4522 823 4612 Ἀντιφῶν
845 4529 918 4609 (Ad
934 4529 980 4609 7),
1004 4548 1031 4590 v.
1055 4523 1205 4606 ἁγνεύετε
1226 4527 1285 4612 τὴν
1306 4523 1416 4593 πόλιν.
1455 4524 1618 4615 Ἀντιφῶν
1643 4524 1679 4594 ἐν
1704 4529 1750 4614 τῷ
1772 4525 1801 4610 β’
1828 4523 1900 4592 ἀντὶ
1928 4528 1988 4592 τοῦ

427 4753 448 4818 1)
466 4755 502 4806 lle
520 4757 644 4808 sermonis
663 4755 817 4820 differentia,
834 4771 897 4823 quae
916 4757 984 4808 iuter
1003 4757 1156 4824 tetralogias
1175 4766 1251 4826 atque
1270 4758 1399 4810 orationes
1419 4759 1532 4825 reliques
1545 4761 1701 4826 meximeque
1719 4759 1830 4826 quintam
1842 4757 1989 4822 intercedit,

293 4843 342 4893 hoc
360 4841 418 4893 loeo
436 4857 511 4906 agere
531 4859 579 4893 nou
599 4859 709 4910 possum,
729 4859 758 4894 ne
776 4843 876 4894 modum
896 4845 991 4895 talibus
1010 4845 1223 4911 disputationibus
1243 4861 1289 4897 usn
1308 4851 1430 4897 statutum
1450 4853 1585 4898 transeam.

423 4925 444 4992 ²)
463 4928 494 4982 el.
509 4929 571 4992 Vlll,
584 4931 616 4982 68
634 4926 704 4996 ἀνὴρ
717 4923 869 5002 Ἀθηναίιιν
886 4931 942 4984 τῶν
959 4930 1023 4984 καθ’
1042 4929 1139 4986 ἑαυτὸν
1156 4927 1237 5003 ἀρετῇ
1256 4931 1278 4982 τ’
1296 4927 1406 4991 οὐδενὸς
1424 4921 1545 5002 δεύτερος
1568 4934 1613 4984 καὶ
1635 4923 1776 5000 κράτιστος
1798 4929 1989 5000 ἐνθυμηθῆναι

289 5005 435 5085 γενόμενος
451 5018 497 5068 acl
514 5012 531 5066 ἃ
550 5020 628 5085 γνοίη
646 5018 740 5069 εἰπεῖν.

425 5101 447 5166 1)
465 5102 534 5154 Suid.
553 5120 573 5154 s.
594 5119 616 5153 v.
636 5105 786 5162 Καικίλιος.
822 5104 1048 5172 Pseudoplntareh.
1084 5105 1116 5156 V.
1134 5106 1165 5159 A.
1184 5121 1207 5172 p.
1220 5106 1269 5158 309
1288 5105 1316 5157 Ε.

425 5189 446 5254 ⁴)
464 5187 536 5242 Phot.
551 5207 573 5259 p.
586 5191 636 5244 185
650 5191 687 5243 ed.
702 5191 806 5243 lleklrer.
