4622 5696
1067 371 1285 435 ..28-

310 562 478 612 *accusator
499 568 582 612 reum
608 551 746 613 consulto
770 569 891 612 necasse
915 550 1054 622 obtineat,
1078 569 1145 612 rens
1169 551 1319 614 secandis
1343 559 1493 632 expertem
1517 571 1582 614 exse
1598 552 1725 614 declarat
1741 553 1775 615 ad
1792 552 2023 615 confirmandam

325 681 426 724 vocem
451 663 522 724 nibil
546 665 684 726 adiciens.
730 664 814 737 Quod
843 664 874 724 in
903 664 1085 725 oratiuncula
1113 665 1242 727 secunda
1271 665 1302 744 (ᾗ
1318 663 1400 742 5;6)
1426 683 1496 726 reus
1525 665 1708 728 detensionis
1735 676 1822 746 caput
1852 665 1915 726 aliis
1937 683 2025 744 argu·

327 777 435 838 mentis
458 776 588 839 stabilire
612 785 736 840 conatus
759 777 810 849 sit,
838 777 904 856 quis
928 777 1046 856 estqui
1072 777 1211 847 miretur,
1240 778 1291 839 sed
1323 795 1440 857 semper
1461 777 1497 838 ad
1520 777 1607 838 verba
1638 779 1722 846 redit,
1750 798 1825 858 quae
1848 785 1932 838 antea
1954 795 2024 857 pro-

325 890 514 960 nuntiaverit,
537 909 569 952 se
591 891 687 951 caedis
710 891 794 970 culpa
818 907 877 951 non
902 888 1011 952 teneri:
1045 889 1126 969 Γβ6
1150 884 1260 951 οὐδενὶ
1280 885 1392 972 τρόπῳ
1416 885 1536 974 φονεὺς
1550 884 1651 953 αὐτοῦ
1665 889 1755 972 alpi?
1778 890 1827 968 (ci.
1844 891 1866 970 β
1881 889 1926 970 8).

468 1003 674 1064 Disserendum
699 1002 783 1064 nobis
807 1011 852 1064 est
883 1003 919 1063 de
947 1002 1132 1065 oratiuncula
1156 1004 1255 1069 tertia.
1284 1023 1399 1085 exque
1427 1005 1511 1067 facile
1538 1004 1758 1083 cognoscimus,
1786 1013 1898 1083 quanto
1927 1003 2025 1065 studio

325 1125 480 1178 aecusator
502 1116 672 1184 contendat,
697 1123 730 1176 ut
749 1117 792 1177 rei
808 1125 980 1196 argumenta
1004 1135 1156 1196 perperam
1179 1117 1402 1197 interpretando
1424 1117 1659 1199 detorqueantur
1674 1126 1705 1178 et
1719 1117 1786 1178 luco
1802 1116 2024 1196 adspergantur.

324 1229 403 1290 licus
426 1228 504 1288 enim
529 1228 650 1294 dixerat,
681 1237 825 1308 utsupra
850 1227 984 1309 pluribus
1008 1229 1210 1309 exposuimus,
1243 1229 1299 1291 sibi
1323 1230 1432 1292 nullam
1457 1232 1554 1293 caedis
1577 1232 1692 1311 culpam
1716 1229 1927 1310 imponendam
1952 1247 2024 1299 esse,

325 1342 403 1422 quood
426 1358 518 1402 senex
541 1341 633 1402 rixam
659 1360 782 1404 exorsus
805 1351 884 1402 esset
907 1351 995 1420 atque
1020 1342 1151 1404 medicus
1174 1342 1244 1404 lalsa
1267 1362 1336 1404 cura
1352 1362 1457 1404 senem
1474 1344 1658 1407 tractavisset
1674 1344 1721 1420 (cl.
1738 1343 1759 1422 β
1774 1341 1794 1401 2
1810 1351 1841 1404 et
1856 1341 1898 1416 3).
1931 1343 2024 1402 deerr-

326 1463 454 1516 satorem
480 1455 509 1514 iu
533 1453 697 1534 decipiendi
720 1455 851 1516 studium
880 1454 973 1516 delabi
1002 1455 1221 1531 intellegemus,
1252 1473 1318 1517 cum
1351 1456 1437 1518 verba
1467 1456 1760 1526 consideraverimus,
1792 1455 1900 1534 quibus
1922 1453 2024 1516 delen-

324 1566 416 1628 sionis
439 1575 525 1646 caput
548 1567 704 1647 repetitur:
742 1565 821 1642 1⁸72
845 1567 919 1628 εἶπε
943 1565 980 1629 dd
1003 1567 1135 1650 πρῶτον
1156 1569 1225 1650 μέν,
1254 1568 1284 1630 sl
1311 1567 1366 1631 καὶ
1394 1567 1429 1631 ἐκ
1455 1571 1520 1631 τῶν
1543 1565 1676 1651 πληγῶν
1699 1563 1871 1629 ἀπέθανεν
1893 1561 1911 1629 ὁ
1934 1557 2022 1648 ἀνήρ,

325 1675 368 1752 ὥς
391 1673 448 1742 οὐκ
472 1673 664 1743 ἀπέκτεινεν
686 1672 797 1742 αὐτόν.
832 1680 935 1741 Nonne
959 1690 1062 1742 auctor
1084 1681 1118 1742 ad
1143 1682 1171 1742 id
1195 1683 1363 1762 pervenisse
1386 1682 1511 1754 videtur,
1536 1680 1631 1762 quoad
1656 1679 1793 1760 progredi
1809 1680 1906 1759 potuit
1928 1679 2025 1740 nebu-

326 1793 427 1853 lonum
454 1789 697 1872 vaniloquentia?
732 1793 771 1855 Ut
794 1801 892 1854 autem
917 1794 1073 1856 adversarii
1097 1795 1274 1857 deverticula
1298 1803 1328 1856 et
1350 1796 1490 1856 flexiones
1513 1792 1632 1866 refellat,
1656 1791 1819 1872 puerilibus
1842 1792 2025 1872 argumentis

325 1907 452 1968 declaret
475 1905 537 1966 lieri
561 1923 621 1966 non
644 1925 742 1986 posse,
770 1915 802 1966 ut
824 1925 913 1968 senex
936 1907 1051 1987 primus
1075 1907 1219 1988 impetum
1241 1909 1344 1970 lecerit
1358 1916 1454 1969 aetate
1470 1907 1635 1987 provectior
1651 1906 1767 1965 iuvene:
1794 1904 1873 1981 1⁸72
1897 1901 2026 1986 μάθετε

324 2015 365 2100 δὴ
388 2017 520 2099 πρῶτον
540 2021 601 2100 μὲν
623 2011 674 2080 ὅτι
698 2015 795 2100 ἄρξαι
819 2019 874 2081 καὶ
898 2028 1074 2100 παροινττν
1103 2017 1179 2092 τούς
1206 2021 1381 2101 νεωτέρους
1405 2019 1470 2081 τῶν
1496 2017 1726 2100 πρεσβυτέρων
1751 2013 1918 2096 τῑκότερόν
1943 2014 2024 2078 ἐστι.

325 2129 418 2206 Quid!
442 2149 543 2192 nonne
566 2130 630 2193 iure
654 2132 819 2212 meritoque
842 2132 997 2194 admiratio
1021 2150 1074 2194 nos
1098 2133 1184 2212 capit,
1207 2133 1285 2214 qnod
1310 2142 1471 2203 aecusator,
1495 2140 1527 2192 ut
1550 2130 1635 2191 rerba
1659 2129 1823 2200 confirmet,
1847 2145 1907 2190 uon
1928 2129 2026 2190 adlert

325 2243 509 2315 testimonia,
543 2262 617 2324 quae
644 2244 675 2304 iu
704 2245 885 2306 oratiuncula
913 2246 1006 2325 prima
1036 2256 1152 2307 exstant
1180 2243 1314 2325 (l'ab)?
1358 2245 1510 2306 Praeterea
1540 2243 1610 2304 baec
1639 2251 1811 2320 argumenta
1835 2261 1850 2302 e
1873 2241 1972 2304 Tisias
1995 2251 2025 2304 et

325 2357 447 2419 Coraois
470 2365 531 2418 arte
554 2356 699 2418 rhetorica
723 2358 826 2418 hausta
849 2377 912 2420 esse
934 2359 1069 2431 vidimus,
1093 2379 1169 2440 quae
1187 2360 1242 2420 hoc
1258 2359 1321 2419 loco
1337 2358 1402 2419 sine
1420 2357 1475 2418 ulla
1493 2354 1706 2436 probabilitatis
1721 2355 1818 2434 speeie
1835 2363 2024 2434 repetuntur.

325 2470 431 2532 Parum
449 2469 528 2530 enim
547 2476 592 2531 est
607 2469 745 2532 credibile
760 2470 870 2533 iudices
886 2472 1027 2552 quosdam
1041 2472 1201 2553 splendore
1215 2471 1369 2532 verborum
1382 2470 1508 2540 illorum,
1522 2487 1596 2548 quae
1608 2467 1643 2527 ad
1657 2467 1815 2528 vanitatem
1830 2467 1920 2545 magis
1934 2487 2022 2548 quam

325 2583 359 2643 ad
378 2584 529 2643 veritatem
546 2582 701 2656 accedunt,
724 2582 943 2663 obstupelactos
959 2594 989 2646 et
1004 2585 1085 2666 quasi
1102 2585 1273 2646 obcaecatos
1291 2601 1350 2644 uon
1368 2581 1559 2662 perspexisse,
1576 2597 1664 2660 quam
1680 2580 1872 2641 vehementer
1888 2601 1932 2652 ea,
1948 2601 2024 2662 quae

324 2704 475 2758 accusator
491 2696 644 2776 professus
660 2705 713 2764 est.
729 2716 745 2760 a
763 2697 884 2758 veritate
901 2699 1049 2759 recedant.
1081 2697 1267 2758 llebemusne
1284 2695 1402 2756 credere
1418 2693 1641 2773 Antiphontem,
1658 2692 1708 2772 qui
1724 2701 1784 2753 tam
1798 2693 1909 2774 peritus
1922 2713 2022 2756 rerum

325 2809 506 2876 lorensium,
535 2817 594 2869 tam
626 2827 735 2888 gnarus
758 2828 863 2888 causae
885 2811 1014 2886 agendae
1037 2818 1108 2882 erat,
1133 2810 1205 2870 baec
1227 2809 1343 2870 infirma
1366 2813 1537 2884 argumenta
1565 2805 1739 2884 arripuisse,
1767 2814 1802 2866 ut
1823 2806 1944 2885 gloriam
1968 2808 2023 2870 sibi

324 2918 531 3002 compararet?
570 2919 773 2983 Possumusne
794 2923 937 3003 suspicari
961 2931 1119 2994 oratorem,
1143 2923 1193 3004 qui
1215 2922 1284 2983 allas
1306 2939 1348 2989 ea,
1373 2937 1449 2999 quae
1464 2917 1576 2978 occulta
1593 2927 1673 2988 sunt,
1698 2919 1868 2998 quaerendo
1883 2921 2024 2998 sagaciter

325 3034 501 3114 investigare
523 3035 627 3095 solitus
652 3043 705 3100 est.
730 3043 788 3095 tam
813 3045 925 3098 temere
948 3033 1159 3116 inquisivisse?
1198 3034 1255 3095 Sed
1278 3039 1431 3094 accusator
1453 3029 1579 3109 amplius
1603 3030 1707 3110 pergit,
1730 3039 1764 3091 ut
1785 3047 1868 3092 reum
1886 3035 2023 3094 consulto

325 3148 465 3210 occidisse
488 3147 685 3208 demonstret:
733 3147 812 3223 1⁴74
841 3147 871 3208 al
899 3145 961 3229 γὰρ
984 3143 1020 3209 αἱ
1048 3157 1153 3226 χεῖρες
1179 3141 1200 3208 ἃ
1223 3141 1453 3224 διανοούμεθα
1476 3138 1601 3222 ἑκάστῳ
1624 3138 1717 3224 ἡμῶν
1739 3135 1977 3224 ὑπουργοῦυιν,
2005 3140 2023 3206 ὁ

324 3260 385 3342 μὲν
412 3256 562 3332 πατάξας
588 3257 645 3320 καὶ
674 3255 718 3340 μή
747 3255 943 3333 ἀποκτείνας
972 3259 1027 3342 τῆς
1054 3258 1182 3342 πληγῆς
1204 3254 1379 3338 βουλευτὴς
1401 3252 1540 3330 ἐγένετο,
1572 3249 1650 3317 ddt
1673 3257 1871 3336 θανασίμως
1892 3251 2024 3318 τύπτων

323 3371 382 3434 τοῦ
409 3368 570 3434 θανάτου.
623 3372 728 3434 Statim
756 3381 855 3434 autem
886 3375 1062 3436 sententiam
1094 3374 1124 3434 iu
1152 3373 1236 3434 aliam
1263 3370 1391 3431 formam
1420 3368 1525 3447 redigit
1553 3377 1582 3429 et
1610 3386 1693 3428 reum
1726 3369 1829 3429 iecisse
1857 3369 2022 3448 profitetur,

325 3486 403 3566 quod
427 3486 457 3547 in
481 3485 578 3546 animo
602 3484 751 3546 babuerit:
776 3481 795 3548 ὁ
818 3483 855 3547 dt
877 3481 977 3566 petto
1002 3477 1045 3547 ὦν
1066 3481 1167 3569 ἤθελε
1191 3479 1317 3565 πράξας
1338 3481 1378 3569 τῇ
1400 3476 1517 3543 ἑαυτοῦ
1539 3471 1660 3558 α’τυχίᾳ
1676 3475 1714 3542 ὃν
1729 3476 1787 3542 οὐκ
1804 3475 1924 3562 ἢθελεν
1939 3476 2023 3543 ἀπέ-

325 3617 458 3659 κτεινεν.
503 3593 595 3669 Quid!
624 3615 726 3658 nonne
749 3597 794 3658 bis
817 3597 914 3659 verbis
937 3609 1136 3661 accrrsatorem
1161 3597 1324 3659 concedere
1347 3592 1537 3654 manifestum
1563 3604 1714 3657 ostreum
1739 3594 1857 3655 caedem
1880 3595 2022 3656 involun-

325 3709 427 3772 tariam
451 3706 659 3772 commisisse?
703 3713 862 3773 Attamen
887 3711 958 3771 baec
986 3730 1038 3771 vox
1062 3729 1183 3791 prorsus
1206 3707 1348 3770 contraria
1378 3713 1422 3768 est
1452 3706 1641 3777 testimoniis,
1672 3724 1746 3786 quae
1774 3707 1804 3766 in
1834 3707 1926 3788 prima
1955 3727 2023 3770 ora-

325 3821 455 3883 tiuncula
480 3825 514 3898 (α
529 3819 560 3892 6)
584 3831 737 3884 accusator
760 3823 894 3902 protulit,
922 3831 1013 3884 testes
1037 3823 1274 3884 adfirmaverunt.
1320 3821 1381 3893 Qua
1413 3838 1444 3880 re
1472 3826 1641 3880 commotus
1664 3827 1817 3880 accusator
1839 3819 1937 3881 subito
1959 3821 2022 3900 ipse

325 3935 483 3996 confitetur
510 3941 600 3994 testes
629 3935 734 3996 lalsum
769 3935 972 3998 testimonium
1001 3935 1140 4006 edidisse,
1174 3954 1206 3996 se
1233 3933 1336 3994 falsam
1364 3933 1579 3993 accusationem
1610 3927 1796 3994 instituisse?
1851 3933 1964 4006 Quibus
1992 3933 2021 3993 in

326 4045 421 4108 verbis
451 4046 699 4125 interpretandis,
728 4066 906 4128 quamquam
933 4047 1093 4128 Philippius
1124 4065 1271 4110 summam
1300 4063 1400 4107 euram
1431 4044 1590 4124 impendit,
1619 4053 1715 4105 tamen
1744 4063 1813 4106 eum
1838 4065 1899 4107 non
1923 4046 2021 4108 omnia

325 4168 405 4219 recte
427 4157 609 4220 intellexisse
631 4168 704 4239 puto
734 4178 832 4240 neque
861 4161 932 4230 illis,
962 4170 996 4222 ut
1025 4171 1134 4224 tautam
1166 4160 1293 4222 tribuam
1323 4160 1358 4219 ad
1392 4157 1627 4237 persuadendum
1657 4157 1724 4230 vim,
1747 4168 1885 4237 quantam
1911 4159 1954 4220 vir
1976 4159 2022 4220 ille

326 4271 515 4332 doctissimus
538 4270 581 4331 eis
603 4269 701 4332 inesse
724 4272 798 4344 vult,
827 4291 842 4334 a
871 4291 917 4333 me
945 4273 1103 4353 impetrare
1130 4293 1264 4354 possum.
1311 4271 1471 4352 Philippius
1500 4271 1578 4332 enlm
1607 4281 1639 4332 ut
1663 4272 1738 4332 hauc
1760 4272 2020 4334 contradictionem

324 4383 516 4462 infringeret,
544 4383 625 4444 illam
656 4401 756 4444 rocem
787 4402 841 4464 pro
869 4385 1068 4464 superlatione
1092 4396 1121 4447 et
1144 4385 1316 4446 traiectione
1346 4383 1489 4446 rhetorica
1514 4383 1677 4444 habendam
1701 4402 1766 4445 esse
1789 4384 1905 4446 disertis
1929 4386 2023 4448 verbis

326 4497 489 4558 contendit.
533 4497 645 4570 Quodsi
669 4496 823 4558 artilicium
847 4498 916 4560 illud
941 4497 1120 4561 rhetoricum
1144 4517 1202 4579 quo
1225 4498 1361 4567 ellicitur,
1394 4505 1425 4558 ut
1448 4495 1640 4576 perspicuitas
1664 4497 1813 4559 relationis
1837 4498 2022 4566 obscuretur.

327 4629 343 4669 e
370 4609 496 4686 generali
527 4609 743 4672 sententiarum
774 4628 851 4672 nexu
880 4629 1083 4682 removemus,
1118 4611 1193 4672 banc
1220 4617 1318 4671 extare
1347 4609 1635 4687 argumentationem
1674 4619 1770 4689 putat:
1806 4620 1905 4673 orator
1933 4612 2022 4674 voluit

326 4721 421 4781 dicere
445 4740 527 4782 reum
552 4721 698 4801 supplicio
720 4721 915 4784 adliciendum
940 4743 1018 4793 esse,
1049 4724 1159 4785 etiamsi
1183 4723 1350 4785 interficere
1378 4741 1437 4783 non
1459 4722 1490 4783 in
1514 4722 1645 4782 animum
1669 4721 1875 4803 induxisset¹).
1921 4725 2022 4805 Neqrve

325 4851 393 4893 vero
416 4832 515 4894 videre
537 4853 673 4914 possum,
701 4853 759 4914 quo
782 4835 846 4894 loco
868 4835 945 4896 banc
967 4833 1143 4896 sententiam
1168 4853 1242 4914 quae
1265 4853 1281 4896 a
1306 4835 1449 4915 Philippio
1472 4834 1566 4894 textui
1590 4833 1754 4896 vindicatur
1783 4836 1907 4898 dilucide
1930 4855 2022 4915 expo-

462 5023 481 5080 ¹l
499 5022 619 5092 Philippi.
633 5027 650 5076 l.
664 5041 686 5074 c.
698 5041 721 5092 p.
735 5025 780 5076 25:
801 5023 846 5074 uie
864 5025 961 5076 letzteo
979 5023 1066 5089 (Situs
1085 5025 1203 5086 botoueol
1218 5027 1250 5076 im
1270 5026 1412 5078 od'eobareo
1426 5024 1585 5091 Gegeuaatxo
1598 5041 1646 5077 nur
1659 5027 1706 5078 deu
1722 5025 1810 5090 Erlolg
1822 5029 1867 5078 der
1881 5025 2022 5093 llaodlung,

326 5109 367 5160 l'rir
385 5111 433 5160 deu
458 5109 502 5160 der
522 5111 675 5174 llandelude,
701 5111 764 5161 aucb
788 5125 860 5160 sveno
884 5125 912 5160 er
940 5110 1009 5160 niebt
1035 5111 1147 5161 deutlich
1174 5113 1221 5163 der·
1239 5112 1345 5164 Abaiebt
1371 5113 1426 5163 oieb
1453 5111 1564 5164 bewolst
1590 5127 1716 5176 genesen,
1745 5113 1784 5164 die
1803 5114 2021 5182 Veraotwortung

326 5203 415 5260 tragon
433 5196 526 5248 ardue.
