<?xml version="1.0" encoding="UTF-8"?>
<!DOCTYPE html PUBLIC "-//W3C//DTD XHTML 1.0 Transitional//EN"
    "http://www.w3.org/TR/xhtml1/DTD/xhtml1-transitional.dtd">
<html xmlns="http://www.w3.org/1999/xhtml" xml:lang="en" lang="en">
 <head>
  <title>
</title>
<meta http-equiv="Content-Type" content="text/html;charset=utf-8" />
  <meta name='ocr-system' content='tesseract 3.04.00' />
  <meta name='ocr-capabilities' content='ocr_page ocr_carea ocr_par ocr_line ocrx_word'/>
</head>
<body>
  <div class='ocr_page' id='page_1' title='image "./deantiphontiste00hausgoog_0036.png"; bbox 0 0 4622 5696; ppageno 0'>
   <div class='ocr_carea' id='block_1_1' title="bbox 1001 347 1220 420">
    <p class='ocr_par' dir='ltr' id='par_1_1' title="bbox 1001 347 1220 420">
     <span class='ocr_line' id='line_1_1' title="bbox 1001 347 1220 420; baseline -0.009 -18"><span class='ocrx_word' id='word_1_1' title='bbox 1001 347 1220 420; x_wconf 67' lang='lat'><strong>..31-</strong></span> 
     </span>
    </p>
   </div>
   <div class='ocr_carea' id='block_1_2' title="bbox 260 527 1960 1964">
    <p class='ocr_par' dir='ltr' id='par_1_2' title="bbox 261 527 1960 1064">
     <span class='ocr_line' id='line_1_2' title="bbox 405 527 1960 613; baseline 0.001 -21"><span class='ocrx_word' id='word_1_2' title='bbox 405 527 467 594; x_wconf 88' lang='lat' dir='ltr'><strong>Nec</strong></span> <span class='ocrx_word' id='word_1_3' title='bbox 488 527 572 594; x_wconf 88' lang='lat' dir='ltr'><strong>aliter</strong></span> <span class='ocrx_word' id='word_1_4' title='bbox 594 549 626 593; x_wconf 86' lang='lat' dir='ltr'><strong>se</strong></span> <span class='ocrx_word' id='word_1_5' title='bbox 650 529 752 604; x_wconf 86' lang='lat' dir='ltr'><strong>habet,</strong></span> <span class='ocrx_word' id='word_1_6' title='bbox 783 529 861 612; x_wconf 89' lang='lat' dir='ltr'><strong>quod</strong></span> <span class='ocrx_word' id='word_1_7' title='bbox 889 531 921 595; x_wconf 90' lang='lat' dir='ltr'><strong>in</strong></span> <span class='ocrx_word' id='word_1_8' title='bbox 946 530 994 594; x_wconf 76' lang='lat' dir='ltr'><strong>I&#39;d</strong></span> <span class='ocrx_word' id='word_1_9' title='bbox 1011 534 1046 594; x_wconf 89' lang='lat'><strong>11</strong></span> <span class='ocrx_word' id='word_1_10' title='bbox 1077 531 1118 594; x_wconf 85' lang='lat' dir='ltr'><strong>rci</strong></span> <span class='ocrx_word' id='word_1_11' title='bbox 1142 533 1258 612; x_wconf 79' lang='lat' dir='ltr'><strong>cognati</strong></span> <span class='ocrx_word' id='word_1_12' title='bbox 1280 532 1466 613; x_wconf 86' lang='lat' dir='ltr'><strong>adpellautur</strong></span> <span class='ocrx_word' id='word_1_13' title='bbox 1493 531 1589 594; x_wconf 84' lang='lat' dir='ltr'><strong>verbis</strong></span> <span class='ocrx_word' id='word_1_14' title='bbox 1611 539 1681 606; x_wconf 73' lang='grc' dir='ltr'><strong>τοϊς</strong></span> <span class='ocrx_word' id='word_1_15' title='bbox 1707 527 1854 610; x_wconf 75' lang='grc' dir='ltr'><strong>ἔγγιστα;</strong></span> <span class='ocrx_word' id='word_1_16' title='bbox 1884 549 1960 612; x_wconf 88' lang='lat' dir='ltr'><strong>quae</strong></span> 
     </span>
     <span class='ocr_line' id='line_1_3' title="bbox 265 642 1959 727; baseline 0 -23"><span class='ocrx_word' id='word_1_17' title='bbox 265 643 436 724; x_wconf 72' lang='lat' dir='ltr'>superlativi</span> <span class='ocrx_word' id='word_1_18' title='bbox 459 644 553 707; x_wconf 78' lang='lat' dir='ltr'><strong>forma</strong></span> <span class='ocrx_word' id='word_1_19' title='bbox 576 644 607 705; x_wconf 90' lang='lat' dir='ltr'><strong>in</strong></span> <span class='ocrx_word' id='word_1_20' title='bbox 629 660 769 706; x_wconf 85' lang='lat' dir='ltr'><strong>sermone</strong></span> <span class='ocrx_word' id='word_1_21' title='bbox 783 644 880 706; x_wconf 78' lang='lat' dir='ltr'><strong>Attico</strong></span> <span class='ocrx_word' id='word_1_22' title='bbox 903 645 1058 709; x_wconf 87' lang='lat' dir='ltr'><strong>notionem</strong></span> <span class='ocrx_word' id='word_1_23' title='bbox 1082 642 1226 727; x_wconf 79' lang='grc' dir='ltr'><strong><em>πλησίον</em></strong></span> <span class='ocrx_word' id='word_1_24' title='bbox 1241 644 1329 708; x_wconf 88' lang='lat' dir='ltr'><strong>habet</strong></span> <span class='ocrx_word' id='word_1_25' title='bbox 1352 645 1401 724; x_wconf 80' lang='lat' dir='ltr'><strong>(ct.</strong></span> <span class='ocrx_word' id='word_1_26' title='bbox 1418 644 1607 709; x_wconf 84' lang='lat' dir='ltr'><strong>Demosthcn.</strong></span> <span class='ocrx_word' id='word_1_27' title='bbox 1623 644 1653 705; x_wconf 92' lang='lat' dir='ltr'><strong>in</strong></span> <span class='ocrx_word' id='word_1_28' title='bbox 1670 643 1776 724; x_wconf 81' lang='lat' dir='ltr'><strong>Euerg.</strong></span> <span class='ocrx_word' id='word_1_29' title='bbox 1793 654 1823 706; x_wconf 89' lang='lat' dir='ltr'><strong>et</strong></span> <span class='ocrx_word' id='word_1_30' title='bbox 1837 643 1959 707; x_wconf 83' lang='lat' dir='ltr'><strong>Mnesib.</strong></span> 
     </span>
     <span class='ocr_line' id='line_1_4' title="bbox 261 755 1960 837; baseline 0.001 -22"><span class='ocrx_word' id='word_1_31' title='bbox 261 755 312 830; x_wconf 84' lang='grc'><strong>72,</strong></span> <span class='ocrx_word' id='word_1_32' title='bbox 336 756 450 819; x_wconf 86' lang='lat' dir='ltr'><strong>Lobeck</strong></span> <span class='ocrx_word' id='word_1_33' title='bbox 478 757 514 819; x_wconf 89' lang='lat' dir='ltr'><strong>ad</strong></span> <span class='ocrx_word' id='word_1_34' title='bbox 542 757 649 837; x_wconf 80' lang='lat' dir='ltr'><strong>Phryu.</strong></span> <span class='ocrx_word' id='word_1_35' title='bbox 672 775 701 836; x_wconf 79' lang='lat' dir='ltr'><strong>p.</strong></span> <span class='ocrx_word' id='word_1_36' title='bbox 718 755 804 834; x_wconf 87' lang='grc'><strong>296).</strong></span> <span class='ocrx_word' id='word_1_37' title='bbox 855 757 976 837; x_wconf 79' lang='lat' dir='ltr'><strong>Cognati</strong></span> <span class='ocrx_word' id='word_1_38' title='bbox 1003 767 1101 820; x_wconf 87' lang='lat' dir='ltr'><strong>autem</strong></span> <span class='ocrx_word' id='word_1_39' title='bbox 1132 757 1338 836; x_wconf 84' lang='lat' dir='ltr'><strong>significantur</strong></span> <span class='ocrx_word' id='word_1_40' title='bbox 1364 757 1458 820; x_wconf 87' lang='lat' dir='ltr'><strong>verbis</strong></span> <span class='ocrx_word' id='word_1_41' title='bbox 1486 765 1651 834; x_wconf 71' lang='grc' dir='ltr'><strong><em>συγγενεῖς</em></strong></span> <span class='ocrx_word' id='word_1_42' title='bbox 1681 756 1729 834; x_wconf 82' lang='lat' dir='ltr'><strong>(ci.</strong></span> <span class='ocrx_word' id='word_1_43' title='bbox 1752 756 1904 819; x_wconf 76' lang='lat' dir='ltr'><strong>liemosth.</strong></span> <span class='ocrx_word' id='word_1_44' title='bbox 1934 775 1960 818; x_wconf 86' lang='lat' dir='ltr'><strong>o.</strong></span> 
     </span>
     <span class='ocr_line' id='line_1_5' title="bbox 261 863 1960 952; baseline 0.002 -23"><span class='ocrx_word' id='word_1_45' title='bbox 261 867 397 932; x_wconf 80' lang='lat' dir='ltr'><strong>Eubulid.</strong></span> <span class='ocrx_word' id='word_1_46' title='bbox 426 868 479 942; x_wconf 85' lang='grc'><strong>22)</strong></span> <span class='ocrx_word' id='word_1_47' title='bbox 511 878 598 949; x_wconf 89' lang='lat' dir='ltr'><strong>atquc</strong></span> <span class='ocrx_word' id='word_1_48' title='bbox 627 869 663 940; x_wconf 86' lang='lat' dir='ltr'><strong>ei,</strong></span> <span class='ocrx_word' id='word_1_49' title='bbox 686 869 792 950; x_wconf 89' lang='lat' dir='ltr'><strong>quibus</strong></span> <span class='ocrx_word' id='word_1_50' title='bbox 820 870 917 931; x_wconf 88' lang='lat' dir='ltr'><strong>caedis</strong></span> <span class='ocrx_word' id='word_1_51' title='bbox 945 869 1016 932; x_wconf 90' lang='lat' dir='ltr'><strong>ultio</strong></span> <span class='ocrx_word' id='word_1_52' title='bbox 1045 878 1107 931; x_wconf 87' lang='lat' dir='ltr'><strong>orat</strong></span> <span class='ocrx_word' id='word_1_53' title='bbox 1134 887 1284 943; x_wconf 86' lang='lat' dir='ltr'><strong>concessa,</strong></span> <span class='ocrx_word' id='word_1_54' title='bbox 1313 864 1450 952; x_wconf 74' lang='grc' dir='ltr'><strong><em>ἀνεψιοὶ</em></strong></span> <span class='ocrx_word' id='word_1_55' title='bbox 1474 870 1534 932; x_wconf 85' lang='lat' dir='ltr'><strong>sire</strong></span> <span class='ocrx_word' id='word_1_56' title='bbox 1562 863 1743 950; x_wconf 69' lang='grc' dir='ltr'><strong><em>ἀνεψιαδοῖ</em></strong></span> <span class='ocrx_word' id='word_1_57' title='bbox 1773 871 1823 946; x_wconf 85' lang='lat' dir='ltr'><strong>(ci.</strong></span> <span class='ocrx_word' id='word_1_58' title='bbox 1846 869 1960 950; x_wconf 85' lang='lat' dir='ltr'><strong>Pollux,</strong></span> 
     </span>
     <span class='ocr_line' id='line_1_6' title="bbox 262 977 979 1064; baseline 0.006 -24"><span class='ocrx_word' id='word_1_59' title='bbox 262 980 369 1044; x_wconf 92' lang='lat' dir='ltr'><strong>0nom.</strong></span> <span class='ocrx_word' id='word_1_60' title='bbox 386 981 457 1056; x_wconf 86' lang='lat' dir='ltr'><strong>Viti,</strong></span> <span class='ocrx_word' id='word_1_61' title='bbox 476 977 553 1054; x_wconf 76' lang='lat'>1183</span> <span class='ocrx_word' id='word_1_62' title='bbox 576 980 712 1064; x_wconf 85' lang='lat' dir='ltr'><strong>Philippi,</strong></span> <span class='ocrx_word' id='word_1_63' title='bbox 734 983 753 1043; x_wconf 93' lang='lat' dir='ltr'><strong>l.</strong></span> <span class='ocrx_word' id='word_1_64' title='bbox 770 1000 795 1047; x_wconf 86' lang='lat' dir='ltr'><strong>c.</strong></span> <span class='ocrx_word' id='word_1_65' title='bbox 811 1001 840 1063; x_wconf 85' lang='lat' dir='ltr'><strong>p.</strong></span> <span class='ocrx_word' id='word_1_66' title='bbox 857 981 896 1043; x_wconf 81' lang='grc'><strong>72</strong></span> <span class='ocrx_word' id='word_1_67' title='bbox 912 981 979 1063; x_wconf 89' lang='lat' dir='ltr'><strong>sq.).</strong></span> 
     </span>
    </p>

    <p class='ocr_par' dir='ltr' id='par_1_3' title="bbox 260 1092 1960 1964">
     <span class='ocr_line' id='line_1_7' title="bbox 404 1092 1959 1174; baseline 0.003 -21"><span class='ocrx_word' id='word_1_68' title='bbox 404 1092 548 1156; x_wconf 78' lang='lat' dir='ltr'>Omnibus</span> <span class='ocrx_word' id='word_1_69' title='bbox 571 1093 792 1174; x_wconf 88' lang='lat' dir='ltr'><strong>circomspectis</strong></span> <span class='ocrx_word' id='word_1_70' title='bbox 819 1103 848 1156; x_wconf 88' lang='lat' dir='ltr'><strong>et</strong></span> <span class='ocrx_word' id='word_1_71' title='bbox 874 1095 1069 1158; x_wconf 78' lang='lat' dir='ltr'><strong>consideratis</strong></span> <span class='ocrx_word' id='word_1_72' title='bbox 1098 1093 1317 1174; x_wconf 83' lang='lat' dir='ltr'><strong>tetralogiarum</strong></span> <span class='ocrx_word' id='word_1_73' title='bbox 1344 1103 1494 1158; x_wconf 84' lang='lat' dir='ltr'><strong>auctorem</strong></span> <span class='ocrx_word' id='word_1_74' title='bbox 1522 1096 1632 1158; x_wconf 87' lang='lat' dir='ltr'><strong>nuttam</strong></span> <span class='ocrx_word' id='word_1_75' title='bbox 1663 1113 1763 1159; x_wconf 88' lang='lat' dir='ltr'><strong>rerum</strong></span> <span class='ocrx_word' id='word_1_76' title='bbox 1794 1095 1959 1160; x_wconf 79' lang='lat' dir='ltr'><strong>rorensium</strong></span> 
     </span>
     <span class='ocr_line' id='line_1_8' title="bbox 261 1206 1957 1290; baseline 0.001 -22"><span class='ocrx_word' id='word_1_77' title='bbox 261 1224 333 1268; x_wconf 88' lang='lat' dir='ltr'><strong>usus</strong></span> <span class='ocrx_word' id='word_1_78' title='bbox 357 1215 387 1268; x_wconf 89' lang='lat' dir='ltr'><strong>et</strong></span> <span class='ocrx_word' id='word_1_79' title='bbox 409 1206 624 1270; x_wconf 78' lang='lat' dir='ltr'><strong>exercitationis</strong></span> <span class='ocrx_word' id='word_1_80' title='bbox 647 1207 846 1286; x_wconf 85' lang='lat' dir='ltr'><strong>cognitionem</strong></span> <span class='ocrx_word' id='word_1_81' title='bbox 871 1208 1011 1270; x_wconf 85' lang='lat' dir='ltr'><strong>habuisse</strong></span> <span class='ocrx_word' id='word_1_82' title='bbox 1034 1226 1087 1289; x_wconf 85' lang='lat' dir='ltr'><strong>pro</strong></span> <span class='ocrx_word' id='word_1_83' title='bbox 1111 1219 1191 1270; x_wconf 85' lang='lat' dir='ltr'><strong>certo</strong></span> <span class='ocrx_word' id='word_1_84' title='bbox 1214 1208 1370 1270; x_wconf 83' lang='lat' dir='ltr'><strong>adfirmare</strong></span> <span class='ocrx_word' id='word_1_85' title='bbox 1394 1225 1455 1270; x_wconf 91' lang='lat' dir='ltr'><strong>nou</strong></span> <span class='ocrx_word' id='word_1_86' title='bbox 1480 1207 1622 1270; x_wconf 84' lang='lat' dir='ltr'><strong>dubitem.</strong></span> <span class='ocrx_word' id='word_1_87' title='bbox 1659 1208 1796 1280; x_wconf 76' lang='lat' dir='ltr'><strong>Fortasse</strong></span> <span class='ocrx_word' id='word_1_88' title='bbox 1812 1209 1957 1290; x_wconf 84' lang='lat' dir='ltr'><strong>quispiam</strong></span> 
     </span>
     <span class='ocr_line' id='line_1_9' title="bbox 261 1319 1959 1402; baseline 0.002 -22"><span class='ocrx_word' id='word_1_89' title='bbox 261 1319 368 1381; x_wconf 82' lang='lat' dir='ltr'><strong>dixerit</strong></span> <span class='ocrx_word' id='word_1_90' title='bbox 395 1319 559 1398; x_wconf 88' lang='lat' dir='ltr'><strong>tetralogias</strong></span> <span class='ocrx_word' id='word_1_91' title='bbox 581 1319 668 1382; x_wconf 87' lang='lat' dir='ltr'><strong>nobis</strong></span> <span class='ocrx_word' id='word_1_92' title='bbox 691 1329 820 1383; x_wconf 85' lang='lat' dir='ltr'><strong>servatas</strong></span> <span class='ocrx_word' id='word_1_93' title='bbox 842 1321 1008 1383; x_wconf 91' lang='lat' dir='ltr'><strong>orationum</strong></span> <span class='ocrx_word' id='word_1_94' title='bbox 1032 1321 1229 1400; x_wconf 86' lang='lat' dir='ltr'><strong>genuioarum</strong></span> <span class='ocrx_word' id='word_1_95' title='bbox 1252 1320 1397 1401; x_wconf 86' lang='lat' dir='ltr'><strong>epitomas</strong></span> <span class='ocrx_word' id='word_1_96' title='bbox 1429 1339 1508 1394; x_wconf 72' lang='lat' dir='ltr'><strong>essm</strong></span> <span class='ocrx_word' id='word_1_97' title='bbox 1539 1321 1591 1382; x_wconf 87' lang='lat' dir='ltr'><strong>sed</strong></span> <span class='ocrx_word' id='word_1_98' title='bbox 1622 1339 1660 1383; x_wconf 88' lang='lat' dir='ltr'><strong>no</strong></span> <span class='ocrx_word' id='word_1_99' title='bbox 1687 1321 1716 1382; x_wconf 94' lang='lat' dir='ltr'><strong>id</strong></span> <span class='ocrx_word' id='word_1_100' title='bbox 1746 1321 1865 1402; x_wconf 88' lang='lat' dir='ltr'><strong>quidem</strong></span> <span class='ocrx_word' id='word_1_101' title='bbox 1889 1341 1959 1402; x_wconf 84' lang='lat' dir='ltr'><strong>pro·</strong></span> 
     </span>
     <span class='ocr_line' id='line_1_10' title="bbox 260 1431 1958 1507; baseline 0.002 -15"><span class='ocrx_word' id='word_1_102' title='bbox 260 1431 356 1494; x_wconf 84' lang='lat' dir='ltr'><strong>babile</strong></span> <span class='ocrx_word' id='word_1_103' title='bbox 379 1432 508 1507; x_wconf 70' lang='lat' dir='ltr'><strong>videtum</strong></span> <span class='ocrx_word' id='word_1_104' title='bbox 540 1451 608 1496; x_wconf 90' lang='lat' dir='ltr'><strong>nam</strong></span> <span class='ocrx_word' id='word_1_105' title='bbox 632 1433 658 1494; x_wconf 93' lang='lat' dir='ltr'><strong>si</strong></span> <span class='ocrx_word' id='word_1_106' title='bbox 681 1441 762 1495; x_wconf 87' lang='lat' dir='ltr'><strong>recte</strong></span> <span class='ocrx_word' id='word_1_107' title='bbox 784 1451 849 1495; x_wconf 86' lang='lat' dir='ltr'><strong>sese</strong></span> <span class='ocrx_word' id='word_1_108' title='bbox 872 1433 1003 1507; x_wconf 86' lang='lat' dir='ltr'><strong>haberet,</strong></span> <span class='ocrx_word' id='word_1_109' title='bbox 1033 1433 1139 1497; x_wconf 88' lang='lat' dir='ltr'><strong>tractio</strong></span> <span class='ocrx_word' id='word_1_110' title='bbox 1162 1451 1261 1495; x_wconf 86' lang='lat' dir='ltr'><strong>rorum</strong></span> <span class='ocrx_word' id='word_1_111' title='bbox 1291 1441 1320 1494; x_wconf 90' lang='lat' dir='ltr'><strong>et</strong></span> <span class='ocrx_word' id='word_1_112' title='bbox 1342 1432 1500 1495; x_wconf 91' lang='lat' dir='ltr'><strong>criminum</strong></span> <span class='ocrx_word' id='word_1_113' title='bbox 1524 1433 1660 1494; x_wconf 77' lang='lat' dir='ltr'><strong>refutatio</strong></span> <span class='ocrx_word' id='word_1_114' title='bbox 1683 1432 1853 1495; x_wconf 84' lang='lat' dir='ltr'><strong>brevissima</strong></span> <span class='ocrx_word' id='word_1_115' title='bbox 1876 1441 1907 1495; x_wconf 89' lang='lat' dir='ltr'><strong>et</strong></span> <span class='ocrx_word' id='word_1_116' title='bbox 1928 1434 1958 1496; x_wconf 89' lang='lat' dir='ltr'><strong>in</strong></span> 
     </span>
     <span class='ocr_line' id='line_1_11' title="bbox 260 1545 1960 1626; baseline 0.001 -20"><span class='ocrx_word' id='word_1_117' title='bbox 260 1554 418 1624; x_wconf 90' lang='lat' dir='ltr'><strong>angustum</strong></span> <span class='ocrx_word' id='word_1_118' title='bbox 444 1555 522 1608; x_wconf 85' lang='lat' dir='ltr'><strong>esset</strong></span> <span class='ocrx_word' id='word_1_119' title='bbox 544 1553 656 1620; x_wconf 86' lang='lat' dir='ltr'><strong>coacta,</strong></span> <span class='ocrx_word' id='word_1_120' title='bbox 687 1555 787 1608; x_wconf 90' lang='lat' dir='ltr'><strong>tamen</strong></span> <span class='ocrx_word' id='word_1_121' title='bbox 814 1546 853 1607; x_wconf 89' lang='lat' dir='ltr'><strong>ita</strong></span> <span class='ocrx_word' id='word_1_122' title='bbox 877 1553 1057 1626; x_wconf 85' lang='lat' dir='ltr'><strong>comparata,</strong></span> <span class='ocrx_word' id='word_1_123' title='bbox 1089 1555 1122 1608; x_wconf 85' lang='lat' dir='ltr'><strong>ut</strong></span> <span class='ocrx_word' id='word_1_124' title='bbox 1143 1545 1309 1608; x_wconf 85' lang='lat' dir='ltr'><strong>sententiae</strong></span> <span class='ocrx_word' id='word_1_125' title='bbox 1338 1545 1363 1606; x_wconf 89' lang='lat' dir='ltr'><strong>si</strong></span> <span class='ocrx_word' id='word_1_126' title='bbox 1391 1561 1451 1606; x_wconf 91' lang='lat' dir='ltr'><strong>uon</strong></span> <span class='ocrx_word' id='word_1_127' title='bbox 1479 1554 1559 1608; x_wconf 86' lang='lat' dir='ltr'><strong>arcte</strong></span> <span class='ocrx_word' id='word_1_128' title='bbox 1581 1546 1658 1607; x_wconf 88' lang='lat' dir='ltr'><strong>iuter</strong></span> <span class='ocrx_word' id='word_1_129' title='bbox 1680 1563 1712 1608; x_wconf 87' lang='lat' dir='ltr'><strong>se</strong></span> <span class='ocrx_word' id='word_1_130' title='bbox 1737 1562 1901 1618; x_wconf 81' lang='lat' dir='ltr'><strong>connexas,</strong></span> <span class='ocrx_word' id='word_1_131' title='bbox 1931 1556 1960 1607; x_wconf 91' lang='lat' dir='ltr'><strong>at</strong></span> 
     </span>
     <span class='ocr_line' id='line_1_12' title="bbox 260 1656 1959 1740; baseline 0 -20"><span class='ocrx_word' id='word_1_132' title='bbox 260 1666 342 1720; x_wconf 87' lang='lat' dir='ltr'><strong>recto</strong></span> <span class='ocrx_word' id='word_1_133' title='bbox 364 1658 467 1720; x_wconf 86' lang='lat' dir='ltr'><strong>ordine</strong></span> <span class='ocrx_word' id='word_1_134' title='bbox 489 1658 693 1739; x_wconf 81' lang='lat' dir='ltr'><strong>procederent.</strong></span> <span class='ocrx_word' id='word_1_135' title='bbox 736 1658 770 1719; x_wconf 93' lang='lat' dir='ltr'><strong>ln</strong></span> <span class='ocrx_word' id='word_1_136' title='bbox 802 1657 858 1720; x_wconf 88' lang='lat' dir='ltr'><strong>illis</strong></span> <span class='ocrx_word' id='word_1_137' title='bbox 884 1665 982 1720; x_wconf 83' lang='lat' dir='ltr'><strong>autem</strong></span> <span class='ocrx_word' id='word_1_138' title='bbox 1010 1658 1109 1719; x_wconf 91' lang='lat' dir='ltr'><strong>omnia</strong></span> <span class='ocrx_word' id='word_1_139' title='bbox 1139 1657 1277 1732; x_wconf 87' lang='lat' dir='ltr'><strong>obscura,</strong></span> <span class='ocrx_word' id='word_1_140' title='bbox 1305 1656 1490 1737; x_wconf 84' lang='lat' dir='ltr'><strong>perturbata,</strong></span> <span class='ocrx_word' id='word_1_141' title='bbox 1523 1657 1598 1720; x_wconf 85' lang='lat' dir='ltr'><strong>maie</strong></span> <span class='ocrx_word' id='word_1_142' title='bbox 1627 1668 1764 1721; x_wconf 88' lang='lat' dir='ltr'><strong>contexta</strong></span> <span class='ocrx_word' id='word_1_143' title='bbox 1794 1676 1959 1740; x_wconf 87' lang='lat' dir='ltr'><strong>parumque</strong></span> 
     </span>
     <span class='ocr_line' id='line_1_13' title="bbox 263 1769 1959 1852; baseline 0 -21"><span class='ocrx_word' id='word_1_144' title='bbox 263 1771 340 1833; x_wconf 87' lang='lat' dir='ltr'><strong>iuter</strong></span> <span class='ocrx_word' id='word_1_145' title='bbox 361 1791 393 1833; x_wconf 84' lang='lat' dir='ltr'><strong>se</strong></span> <span class='ocrx_word' id='word_1_146' title='bbox 416 1771 603 1834; x_wconf 90' lang='lat' dir='ltr'><strong>concinentia</strong></span> <span class='ocrx_word' id='word_1_147' title='bbox 627 1791 690 1834; x_wconf 84' lang='lat' dir='ltr'><strong>esse</strong></span> <span class='ocrx_word' id='word_1_148' title='bbox 713 1771 915 1850; x_wconf 85' lang='lat' dir='ltr'><strong>cognorimus,</strong></span> <span class='ocrx_word' id='word_1_149' title='bbox 942 1780 975 1833; x_wconf 93' lang='lat' dir='ltr'><strong>ut</strong></span> <span class='ocrx_word' id='word_1_150' title='bbox 998 1780 1149 1833; x_wconf 89' lang='lat' dir='ltr'><strong>auctorem</strong></span> <span class='ocrx_word' id='word_1_151' title='bbox 1173 1789 1270 1852; x_wconf 88' lang='lat' dir='ltr'><strong>neque</strong></span> <span class='ocrx_word' id='word_1_152' title='bbox 1292 1770 1381 1832; x_wconf 89' lang='lat' dir='ltr'><strong>animi</strong></span> <span class='ocrx_word' id='word_1_153' title='bbox 1406 1769 1541 1832; x_wconf 84' lang='lat' dir='ltr'><strong>acumine</strong></span> <span class='ocrx_word' id='word_1_154' title='bbox 1564 1789 1660 1850; x_wconf 87' lang='lat' dir='ltr'><strong>neque</strong></span> <span class='ocrx_word' id='word_1_155' title='bbox 1683 1771 1850 1851; x_wconf 84' lang='lat' dir='ltr'><strong>eloquentia</strong></span> <span class='ocrx_word' id='word_1_156' title='bbox 1874 1789 1959 1852; x_wconf 80' lang='lat' dir='ltr'><strong>prac-</strong></span> 
     </span>
     <span class='ocr_line' id='line_1_14' title="bbox 263 1883 984 1964; baseline -0.004 -18"><span class='ocrx_word' id='word_1_157' title='bbox 263 1883 372 1947; x_wconf 85' lang='lat' dir='ltr'><strong>stitisse</strong></span> <span class='ocrx_word' id='word_1_158' title='bbox 395 1884 458 1947; x_wconf 86' lang='lat' dir='ltr'><strong>iure</strong></span> <span class='ocrx_word' id='word_1_159' title='bbox 482 1885 647 1964; x_wconf 89' lang='lat' dir='ltr'><strong>meritoque</strong></span> <span class='ocrx_word' id='word_1_160' title='bbox 670 1883 804 1946; x_wconf 89' lang='lat' dir='ltr'><strong>obtinere</strong></span> <span class='ocrx_word' id='word_1_161' title='bbox 827 1883 984 1964; x_wconf 86' lang='lat' dir='ltr'><strong>possimus.</strong></span> 
     </span>
    </p>
   </div>
   <div class='ocr_carea' id='block_1_3' title="bbox 0 0 2316 5696">
    <p class='ocr_par' dir='ltr' id='par_1_4' title="bbox 0 0 2316 5696">
     <span class='ocr_line' id='line_1_15' title="bbox 0 0 2316 5696; baseline 0 1"><span class='ocrx_word' id='word_1_162' title='bbox 0 0 2316 5696; x_wconf 95' lang='lat' dir='ltr'><strong> </strong></span> 
     </span>
    </p>
   </div>
  </div>
 </body>
</html>
