4622 5696
1132 361 1336 430 ..13-

379 551 569 634 γονομένον,
602 551 638 613 ολ
656 544 775 612 τούτου
808 541 930 631 ἤκουον
962 541 1238 627 μαρτυρήσουσιν.
1283 541 1386 624 Neque
1409 561 1478 604 rere
1507 542 1663 624 quisquam
1694 542 1759 606 iure
1780 543 1878 608 httico
1905 545 1989 610 tastis
2016 567 2082 613 esse

380 673 503 745 peterat,
527 662 586 724 uisi
607 661 660 730 rei,
684 662 720 723 de
743 677 800 739 qua
824 658 973 739 agebatur,
1007 657 1071 739 ipse
1093 674 1191 720 coram
1216 654 1358 728 adfuerat,
1382 673 1457 736 quae
1479 656 1546 736 quis
1568 653 1604 717 ab
1627 654 1720 716 altero
1743 655 1832 720 lando
1848 668 2010 741 acceperet,
2026 679 2080 742 pro

379 776 550 838 testimonio
573 773 670 838 dicero
695 789 755 835 nen
778 771 890 846 licebat,
914 771 970 834 nisi
993 770 1042 833 ille
1064 771 1138 832 alter
1162 777 1298 832 mortuus
1321 767 1424 846 erat¹).

522 887 562 948 Er
586 887 632 950 his
665 904 740 966 quae
762 884 847 947 attuli
875 883 1017 963 exemplis
1044 883 1264 960 tetralogiarum
1300 891 1450 943 auctorem
1484 897 1585 943 rerum
1607 879 1769 943 forensium
1793 882 1956 946 sertorum
1979 884 2079 968 peritia

381 1000 506 1082 quadarn
535 1000 626 1062 luisse
653 999 748 1080 aliqua
777 1015 844 1060 curn
874 994 1081 1078 probabilitate
1110 994 1225 1057 videtur
1252 994 1342 1057 statui
1373 991 1500 1074 posse¹).
1546 992 1608 1067 Qua
1631 1010 1664 1054 re
1687 994 1805 1056 adducti
1829 994 1864 1056 ad
1887 997 1944 1060 hec
1965 1007 2081 1080 tempus

380 1129 485 1174 onroes
513 1111 566 1174 riri
596 1111 689 1184 docti,
718 1111 770 1192 qui
797 1112 833 1171 do
860 1109 949 1172 rebus
978 1107 1163 1170 iudicialibus
1191 1107 1309 1188 copiose
1338 1107 1557 1178 disseruerunt,
1587 1105 1752 1184 tetralegias
1774 1107 1810 1168 ab
1833 1107 1875 1170 eis
1897 1109 2082 1174 orationibus

379 1223 468 1304 plane
490 1223 618 1298 dillerrs,
641 1242 718 1304 quae
739 1223 907 1285 rhetoribus
931 1220 1105 1302 posterioris
1128 1220 1234 1282 aetatis
1258 1217 1415 1290 debentur,
1438 1237 1473 1281 ao
1488 1220 1591 1292 multa,
1614 1236 1690 1300 quae
1704 1217 1739 1279 ad
1756 1217 1931 1281 iudiciorum
1947 1223 2081 1286 ordinem

380 1336 508 1398 lltticum
530 1345 611 1398 recte
634 1336 873 1416 perspiciendum
896 1334 1079 1416 pertineant,
1108 1332 1236 1412 intellegi
1265 1349 1353 1412 posse
1383 1330 1496 1410 opinati
1521 1339 1601 1392 sunt
1645 1330 1728 1393 luter
1749 1349 1817 1405 eos,
1846 1332 1897 1412 qui
1920 1331 2083 1396 11818888-

379 1448 490 1509 tentiae
512 1449 717 1528 propagandae
737 1465 856 1529 operam
873 1447 1031 1518 dederunt,
1054 1444 1251 1525 principatum
1268 1442 1384 1504 obtinet
1400 1442 1536 1517 Blassius,
1559 1443 1608 1525 qni
1625 1444 1844 1521 tetralogiarum
1859 1443 2081 1507 institutionem

380 1559 507 1622 summis
533 1559 670 1624 laudibus
704 1559 830 1632 ellert⁸t
880 1562 977 1640 litque
1009 1558 1097 1621 etiam
1128 1555 1337 1636 Philippius⁴),
1371 1554 1420 1636 qui
1449 1554 1591 1616 Blossium
1631 1571 1859 1638 nonnumquam
1900 1557 1930 1620 iu
1964 1575 2082 1619 errores

382 1671 524 1736 incidisse
545 1672 662 1735 disertis
684 1673 781 1734 verbis
804 1671 945 1746 ostendit,
969 1673 998 1733 iu
1021 1669 1190 1731 universum
1214 1669 1338 1730 eandem
1360 1667 1540 1728 seutentiam
1564 1666 1732 1748 divulgarit.
1767 1669 1871 1752 Neque
1892 1669 2083 1733 8111811188·-

380 1785 488 1848 licbius
511 1785 587 1848 hano
608 1785 762 1848 materiem
786 1785 946 1848 nouissime
968 1791 1094 1862 tangens
1117 1781 1147 1844 in
1170 1781 1372 1863 disputatione
1393 1779 1551 1861 quadam⁸)
1574 1781 1666 1844 multa
1689 1789 1719 1845 ct
1732 1782 1829 1861 mavia
1844 1783 1879 1844 ad
1896 1793 1977 1846 recte
1992 1790 2084 1846 tetra·

380 1898 472 1977 logias
495 1898 699 1978 disceptandas
720 1908 893 1978 argumenta
928 1896 1099 1959 enucleasse
1126 1891 1180 1956 sihi
1203 1893 1284 1955 risus
1315 1891 1401 1968 est⁸).
1447 1891 1551 1955 Utrum
1575 1893 1604 1954 hi
1627 1893 1682 1956 riri
1704 1903 1785 1958 recte
1806 1896 1921 1975 egerint
1943 1913 1980 1958 au
2004 1896 2082 1968 ideo,

380 2012 459 2093 quod
482 2020 696 2093 praeoccupata
719 2021 820 2074 mente
841 2009 1010 2088 tetralegias
1032 2007 1210 2088 Antiphonti
1233 2005 1405 2068 tribuendas
1428 2024 1493 2068 esse
1515 2005 1571 2069 sihi
1588 2017 1809 2088 persuaserunt,
1833 2009 1995 2071 sententias
2017 2008 2081 2072 illss

379 2123 652 2205 pronuntiaverint,
682 2124 788 2194 adbuc,
821 2123 901 2204 qued
928 2122 1047 2204 quidem
1077 2120 1181 2192 sciam,
1210 2117 1334 2181 anullo
1362 2128 1410 2182 est
1435 2118 1612 2199 quaesitum.
1661 2119 1764 2202 ltaque
1791 2137 1893 2184 eorum
1920 2117 2083 2182 sententias

382 2235 550 2300 examinare
572 2236 669 2311 liceat,
691 2255 767 2318 quse
789 2235 814 2298 si
836 2235 924 2298 certis
947 2236 1129 2313 argumentis
1151 2243 1261 2307 carent,
1285 2231 1454 2296 abiciendae
1477 2239 1560 2295 sont.

523 2349 721 2414 Athenienses
756 2365 817 2412 oon
851 2349 939 2411 modo
972 2365 1126 2412 causarum
1161 2346 1319 2428 litiumque
1350 2345 1571 2409 amantissimos
1597 2346 1690 2410 luisse
1717 2347 1769 2410 sed
1798 2347 1885 2410 etiarn
1912 2344 2083 2426 saepissime

392 2479 459 2542 eges
481 2461 518 2524 de
541 2463 665 2543 siugulis
688 2462 785 2524 causis
808 2461 984 2526 constitutas
1007 2461 1234 2524 commutavisse
1256 2477 1405 2524 censensu
1435 2457 1570 2522 omnium
1598 2467 1728 2533 conant,
1755 2460 1795 2522 ita
1821 2467 1856 2522 ut
1877 2457 2081 2522 difficillimum

380 2575 421 2638 sit
446 2574 542 2656 aliqua
570 2593 637 2638 oum
674 2573 881 2657 probabilitate
908 2574 1031 2637 delinire
1058 2573 1227 2638 eversiones
1258 2574 1303 2636 rel
1337 2582 1488 2655 tempera,
1521 2571 1629 2655 quihus
1662 2571 1795 2653 ringulae
1827 2571 1907 2652 legas
1932 2588 1950 2633 a
1976 2576 2082 2632 senatu

382 2686 551 2768 populoque
573 2687 799 2751 Atheniensium
821 2695 941 2750 sanetae
961 2687 1030 2750 aiot.
1076 2686 1149 2749 dum
1171 2705 1239 2750 rere
1261 2687 1378 2768 saepius
1401 2685 1511 2748 lactum
1541 2685 1594 2759 sit,
1621 2693 1656 2748 ut
1684 2685 1763 2764 leger
1786 2683 1876 2747 etiam
1898 2683 1960 2748 sire
1982 2682 2084 2762 negle-

384 2799 482 2878 gentia
504 2799 567 2862 sire
589 2800 722 2863 socordia
737 2799 966 2880 magistratuum
981 2799 1042 2862 sive
1057 2797 1261 2878 largitionibus
1277 2816 1390 2871 eorum,
1413 2796 1522 2878 quibus
1535 2797 1635 2878 logum
1651 2796 1911 2860 inscribendarum
1927 2793 2081 2876 nogotium

382 2919 445 2974 arat
467 2911 650 2985 mandatnm,
673 2921 838 2994 corruptae,
859 2911 985 2986 vitiatae,
1008 2911 1203 2993 interpolatae
1223 2911 1330 2989 81811),
1361 2911 1514 2974 interdum
1537 2921 1635 2976 autern
1658 2931 1674 2975 a
1697 2913 1808 2994 pepule
1829 2913 1896 2993 ipso
1918 2919 2083 2989 senatuque

380 3025 459 3105 leges
481 3025 609 3106 perlatae
630 3027 700 3097 sint,
724 3043 799 3107 quae
821 3024 885 3088 aliis
907 3024 965 3087 iam
989 3025 1102 3088 dudum
1125 3023 1292 3087 mustitutis
1315 3023 1482 3087 contrariae
1510 3035 1603 3098 erant,
1626 3037 1661 3088 ut
1681 3023 1879 3106 litigatoribus
1907 3022 1985 3104 leges
2004 3021 2082 3084 iuter

381 3156 414 3200 se
435 3145 634 3218 repugnantes
656 3136 997 3219 deprehenderentur⁸),
1028 3155 1254 3219 nonnumquam
1282 3136 1455 3200 recensione
1483 3147 1514 3200 et
1544 3139 1749 3220 recognitione
1781 3139 1881 3218 legum
1910 3154 1986 3218 opos
2008 3140 2082 3214 crat,

386 3269 463 3331 quae
485 3270 501 3312 a
523 3249 645 3330 collegio
668 3247 822 3312 hominum
844 3249 920 3312 iuris
942 3249 1034 3312 civilis
1056 3249 1194 3330 sacrique
1216 3249 1465 3332 peritissimorum
1487 3251 1707 3316 instituebatur.
1742 3249 1929 3331 Quamquam
1948 3248 2022 3311 baec
2041 3245 2081 3308 ita

381 3387 415 3430 se
435 3366 555 3439 habeut,
577 3375 677 3430 nmen
699 3366 777 3448 leges
800 3367 837 3428 de
859 3367 949 3431 caede
970 3368 1098 3448 perlatas
1113 3366 1252 3429 omnibus
1271 3366 1458 3448 temporibus
1481 3366 1610 3445 integras
1633 3367 1694 3428 lere
1713 3364 1839 3444 riguisse
1855 3361 1998 3426 certiores
2013 3357 2081 3422 lacti

381 3497 499 3555 sumus,
521 3497 626 3542 omncs
648 3481 727 3542 euim
752 3479 912 3563 scriptores
934 3489 1058 3551 veteres,
1082 3477 1191 3561 quihus
1214 3479 1287 3542 tides
1309 3478 1471 3542 adhibenda
1494 3487 1555 3551 est,
1578 3479 1657 3558 leges
1679 3477 1716 3540 de
1737 3477 1826 3540 caede
1847 3475 2042 3556 praescriptas
2064 3487 2080 3532 a

381 3593 513 3656 Dracone
543 3589 709 3670 legislatore
734 3611 854 3673 semper
875 3593 999 3655 Athenis
1025 3593 1056 3654 iu
1091 3592 1257 3655 honoribus
1284 3593 1377 3656 luisse
1406 3591 1568 3655 memoriae
1597 3589 1824 3669 tradiderunt').
1869 3589 1925 3650 llas
1951 3589 2081 3666 integras

381 3705 450 3774 Solo
478 3705 669 3768 transtulerat
695 3705 727 3766 in
755 3704 869 3768 tabulas
895 3723 979 3776 suas,
1014 3705 1144 3768 tortasse
1178 3714 1276 3768 autem
1310 3705 1463 3768 nonnullis
1495 3705 1579 3767 laetis
1614 3701 1911 3772 commutationibus,
1940 3717 2017 3781 quse
2045 3694 2081 3759 atl

381 3814 559 3878 iudiciorum
582 3813 803 3879 iustitutionem
827 3825 857 3878 81
877 3834 926 3879 res
949 3835 1003 3898 pre
1030 3825 1200 3898 temporum
1228 3819 1342 3880 radone
1369 3817 1550 3881 necessarias
1578 3813 1821 3898 pertinebant¹⁰).
1869 3815 1965 3892 dtquc
1992 3809 2080 3871 stiam

514 3969 536 4035 ¹)
553 3969 635 4022 118188
652 3987 677 4022 n.
696 3969 860 4038 Schoenasar,
878 3971 1057 4026 118881118818
1076 3973 1183 4029 Proresr
1201 3991 1224 4044 p.
1244 3974 1302 4027 818.

515 4054 536 4123 ¹)
554 4057 622 4124 Alia,
641 4073 705 4125 quse
722 4059 823 4112 minime
839 4074 855 4112 a
873 4056 929 4112 lore
942 4059 1031 4112 Attice
1049 4059 1196 4124 abhorrent,
1214 4057 1467 4126 collegit'llebrniar,
1483 4061 1532 4113 llio
1546 4059 1651 4125 Boinag
1661 4073 1709 4110 aar
1719 4055 1803 4120 Frage
1820 4055 1883 4106 liber
1901 4054 1943 4106 118
1962 4051 2083 4104 1181111811

380 4147 427 4198 181·
444 4143 611 4208 ’1888183188
628 4142 658 4210 ll,
678 4160 700 4211 p.
722 4145 733 4196 1
754 4161 791 4214 sq.
810 4143 843 4199 cl.
862 4145 1009 4211 llas-tuane,
1027 4146 1117 4201 Studia
1135 4147 1315 4216 Antiphontsa,
1333 4147 1413 4213 bugd.
1433 4149 1521 4202 88188.
1541 4147 1615 4212 1881,
1633 4161 1657 4216 p.
1675 4145 1745 4212 adst.

515 4229 538 4297 ⁸)
554 4231 636 4296 lilars,
654 4229 702 4282 1118
720 4238 766 4283 att
785 4232 887 4284 licretlr.
904 4231 937 4285 1²
955 4233 1079 4302 plddsq.

514 4318 537 4384 ⁴)
555 4317 672 4386 Philippl,
691 4315 741 4369 nar
758 4318 879 4387 Areoprg
895 4321 945 4372 ond
963 4320 1005 4372 die
1023 4319 1146 4388 llplteteo.
1165 4319 1233 4372 lierl.
1254 4319 1328 4373 1811.

514 4403 538 4472 ⁸)
555 4403 684 4470 llerrlieb,
702 4403 749 4456 1118
766 4403 929 4459 Verbrecbea
947 4421 1028 4473 gagen
1046 4408 1091 4460 dar
1110 4405 1194 4459 Labeo
1213 4407 1277 4460 raab
1293 4405 1429 4460 obtinebam
1447 4405 1535 4460 118811
1570 4405 1638 4459 11881.
1658 4402 1731 4458 1881.

513 4490 535 4558 ⁸)
554 4475 975 4558 flatte1,llbertteregersrate
992 4483 1132 4559 dorileense
1148 4495 1176 4546 18
1195 4491 1415 4561 llortlproaeaaeu.
1450 4489 1613 4558 llelaloglorr
1632 4491 1705 4547 18811.

515 4578 537 4642 l)
555 4577 650 4646 Lysias
660 4577 686 4629 18
697 4576 842 4630 Nicomach.
851 4577 868 4644 ξ
877 4579 958 4644 a-e;
969 4580 1079 4645 stt-21,
1087 4579 1120 4633 81.
1129 4579 1220 4646 Gilda,
1229 4579 1399 4648 Quertiooer
1408 4582 1441 4632 18
1449 4579 1545 4649 Lysiae
1555 4581 1672 4632 oratioue
1681 4579 1707 4632 18
1717 4576 1905 4632 Nicomachum.
1914 4569 2078 4628 nerettstt.

514 4664 534 4728 ⁸)
554 4663 647 4732 Lysias
665 4663 691 4714 in
709 4661 855 4718 Nicenaels.
872 4665 889 4734 ᾖ
906 4667 922 4716 3
937 4665 984 4720 καλ
1003 4666 1031 4718 ολ
1047 4663 1182 4720 ἀντίδικοι
1198 4667 1245 4720 ἐπὶ
1262 4670 1320 4726 κοῖς
1335 4665 1523 4734 δικαστηρίοις
1538 4665 1677 4723 ἐναντίους
1694 4667 1871 4736 παρεέχονπο.

319 4821 321 4824 Ι
441 4793 449 4805 .
517 4749 688 4816 ⁹)Plutarcla.
711 4751 760 4806 rit
779 4751 833 4803 Sol.
854 4767 877 4805 c.
897 4752 929 4804 l'l
950 4746 1109 4826 Δράκοντος
1128 4744 1233 4824 νόμους
1251 4749 1342 4810 ἀνεῖλε
1368 4756 1412 4820 (sc
1431 4747 1537 4820 Σόλων)
1565 4749 1639 4820 πλὴν
1663 4751 1717 4806 τῶν
1743 4749 1866 4822 φονικῶν
1890 4741 2021 4802 ἅπαντας·
2046 4739 2079 4794 11·

381 4837 484 4908 areph.
504 4839 536 4904 V,
555 4838 602 4900 tt;
620 4836 663 4903 Vl,
681 4839 705 4890 λ.

505 4923 657 4989 ι11881188.
675 4924 706 4977 V.
727 4925 755 4976 11.
775 4923 841 4990 11111,
861 4925 892 4977 10
909 4915 1023 4979 Σόλωνα
1041 4921 1149 4998 αΙριοὸν
1157 4921 1299 4992 Ἀθηναῖοι
1310 4929 1471 4994 προείλοντο
1489 4921 1698 4996 ὄρχειναὺκοῖς,
1716 4918 1749 4977 οὔ
1761 4921 1818 4994 γὰρ
1829 4919 1966 4992 κληρωτὸν
1976 4917 2080 4972 τοῦτον·

381 5009 443 5066 ἐπελ
460 5009 489 5064 δέ
505 5005 602 5082 ᾑρέθη,
620 5001 654 5062 τά
670 5026 699 5065 aa
716 5005 784 5064 ἄλλα
801 5002 937 5080 ἐκόσμησε
960 5009 1011 5080 τὴν
1031 5007 1116 5071 πόλιν
1131 5013 1178 5067 καλ
1199 5011 1232 5086 δὴ
1251 5015 1296 5067 καλ
1317 5008 1382 5072 roric
1402 5011 1506 5083 νόμους
1530 5011 1596 5072 rede
1620 5011 1683 5066 νῦν·
1709 5009 1748 5064 ἐπι
1772 5010 1819 5063 καλ
1844 5006 1904 5062 re‘ra
1928 4995 2083 5060 ἐπαύσαντο

380 5091 518 5165 Ἀθηναῖοι
532 5093 676 5167 χρώμενοι
691 5101 746 5156 τοῖς
762 5095 919 5170 Δράκοντος
935 5096 1081 5154 ἐκαλοῦντο
1099 5099 1128 5154 dl
1144 5098 1241 5155 ἐκεῖνον
1259 5104 1368 5171 erepet.
1390 5097 1492 5170 μόνους
1509 5099 1538 5152 δέ
1554 5090 1691 5170 ἐφύλαξαν
1708 5093 1775 5156 robe
1791 5091 1921 5166 φονικοὺς
1937 5091 2028 5145 αὑτοῦ.
2050 5087 2083 5141 el·

383 5186 522 5250 schelling,
540 5185 575 5236 lla
593 5185 695 5236 Solonis
713 5185 813 5250 legibus
831 5187 896 5254 apud
915 5195 991 5240 oratt
1009 5189 1089 5240 Attio.
1470 5195 1472 5200 ’
