4622 5696
1105 277 1310 340 ..14-

353 453 472 535 scriptis
501 452 647 516 tironibus
680 454 834 516 destinatis
862 474 876 516 a
904 454 1013 535 vulgari
1040 475 1179 518 sermone
1207 456 1303 518 bttico
1334 455 1462 517 alienum
1495 461 1525 516 et
1555 453 1757 535 neglegentius
1786 453 1935 516 scribendi
1962 471 2057 533 genus

354 566 521 628 exhibuerit
544 586 633 646 qnam
659 566 689 628 in
713 566 898 629 orationibus
920 586 973 648 pro
997 568 1135 630 tribunali
1159 568 1275 638 habitis,
1299 575 1332 630 ut
1354 568 1454 631 animo
1478 569 1590 648 capiam
1612 587 1673 630 non
1690 568 1774 630 lacilc
1789 587 1805 629 a
1822 587 1870 630 me
1884 569 2056 648 impetrabo.

241 723 245 732 .
353 674 461 738 immo!
485 697 554 740 curn
578 678 713 758 discipuli
737 697 797 738 non
822 679 910 740 ruoilo
932 680 1049 758 ingenia
1072 699 1124 742 sua
1147 699 1253 742 acuere
1275 681 1325 742 sod
1349 679 1437 742 etiarn
1461 699 1630 742 sermonem
1654 681 1782 742 Atticum
1805 681 1955 742 sincerum
1977 689 2058 743 recte

353 789 492 870 loquendi
526 791 693 852 facultatem
727 791 839 853 discere
870 791 1027 866 deberent,
1061 791 1208 873 imprimis
1234 793 1264 852 in
1296 791 1403 854 talibus
1431 794 1548 872 scriptis
1576 793 1753 855 elocutionis
1781 792 1959 854 sinceritatis
1987 809 2058 871 per-

354 902 577 984 spicuitatisque
604 903 679 965 ratio
707 914 770 965 erat
797 903 940 965 habenda.
993 907 1088 985 Atque
1119 905 1207 966 etiam
1237 904 1397 980 lllassius¹)
1428 905 1601 968 elocutionis
1631 905 1841 976 enterocelen,
1874 923 1949 985 quaa
1978 903 2057 965 inter

356 1015 521 1094 tetralogias
544 1025 574 1078 et
597 1017 747 1078 orationes
777 1017 903 1097 reliquas
930 1017 1069 1089 interest,
1099 1037 1135 1078 ex
1163 1017 1364 1099 temporibus.
1395 1016 1504 1096 quibus
1534 1018 1761 1080 declamationes
1784 1015 1963 1096 compositae
1986 1017 2058 1089 sint,

355 1128 556 1190 deducentium
580 1147 646 1190 esse
669 1129 822 1201 correedit;
853 1147 919 1190 uam
949 1130 1034 1192 aliter
1056 1131 1185 1194 scrihere
1208 1132 1344 1193 iuvenem
1368 1133 1517 1210 quendam
1541 1142 1692 1205 consmre,
1721 1132 1807 1194 aliter
1829 1149 1947 1203 senem,
1976 1131 2060 1192 aliter

356 1244 407 1324 qui
433 1243 464 1305 in
495 1245 654 1306 excolenda
683 1255 745 1306 arto
772 1265 805 1306 se
831 1255 980 1318 exerceat,
1009 1248 1094 1310 aliter
1122 1250 1172 1330 qui
1200 1251 1234 1310 ad
1266 1267 1418 1310 summum
1446 1246 1517 1306 artis
1546 1246 1689 1307 oratoriae
1711 1244 1858 1322 fastigium
1883 1244 2059 1324 pervenerit.

356 1356 414 1417 Sed
443 1357 609 1418 orationem
643 1358 673 1419 in
705 1375 861 1420 novercam
889 1358 1019 1422 habitam
1046 1361 1084 1422 ab
1111 1360 1293 1441 antiphonio
1322 1362 1427 1423 iurene
1458 1358 1657 1437 conscriptam
1686 1377 1752 1418 esse
1780 1375 1848 1418 cum
1883 1374 1972 1437 supra
2001 1355 2056 1416 iam

356 1469 527 1540 viderimus,
549 1470 602 1549 qui
624 1470 734 1533 lactum
758 1471 805 1544 sit,
831 1477 863 1532 ut
885 1471 1107 1551 tetralogiarum
1131 1473 1250 1554 quidem
1274 1473 1380 1546 dictio,
1403 1473 1428 1536 si
1449 1472 1513 1535 illas
1537 1471 1687 1534 orationes
1711 1469 1815 1530 eodem
1839 1469 1901 1530 lere
1925 1479 2054 1546 tempore

355 1581 536 1661 compositas
560 1601 625 1654 esso
648 1583 799 1663 ponimus,
830 1583 866 1644 ab
890 1585 992 1664 quinta
1015 1594 1156 1664 sextaque
1178 1585 1363 1648 orationibus
1387 1586 1468 1648 valde
1489 1583 1661 1654 abhorreat,
1691 1583 1803 1662 primae
1826 1590 1926 1644 autem
1951 1579 2053 1642 mirum

356 1695 386 1754 in
415 1695 537 1756 modum
568 1713 635 1755 cum
666 1695 722 1755 illis
752 1696 936 1758 orationibus
963 1695 1132 1776 congruat?
1186 1697 1266 1770 Quas
1295 1696 1482 1762 dillicultates
1512 1697 1642 1760 Blassius
1675 1713 1708 1758 ea
1737 1712 1769 1756 re
1797 1693 1887 1766 tollit,
1922 1693 2001 1772 quod
2029 1692 2056 1754 in

358 1806 538 1868 orationibus
561 1807 596 1868 ad
622 1825 708 1868 usum
732 1806 884 1887 publicum
908 1809 1061 1870 destinatis
1085 1809 1246 1889 unicuique
1268 1810 1380 1870 oratori
1400 1809 1492 1888 magis
1508 1827 1677 1870 sermonem
1697 1807 1852 1868 hominum
1868 1824 2057 1868 communem

359 1931 388 1981 et
417 1921 564 1998 vulgarem
592 1920 775 2000 sequendum
806 1941 871 1984 esse
901 1922 1067 1995 contendit,
1094 1923 1119 1983 si
1146 1923 1191 1996 id,
1219 1921 1298 2002 quod
1327 1921 1382 1982 sihi
1410 1921 1618 2002 proposuerit,
1653 1921 1729 1982 ellici
1753 1919 1834 1992 velit;
1866 1935 1962 1998 neque
1990 1935 2059 1978 rero

358 2032 579 2112 tetralogiarum
602 2051 693 2113 genos
717 2033 842 2106 dicendi,
870 2051 944 2112 quae
967 2051 1028 2095 non
1052 2033 1139 2096 certis
1161 2045 1191 2096 at
1213 2036 1290 2096 veria
1312 2034 1408 2096 causis
1430 2035 1506 2114 apud
1530 2034 1642 2097 iudices
1665 2033 1824 2096 tractandis
1847 2031 2059 2111 respondeant,

358 2146 394 2206 ad
419 2163 553 2206 normam
577 2146 753 2208 cotidianam
778 2146 916 2226 loquendi
942 2165 1013 2209 usus
1037 2147 1149 2209 relerre
1173 2125 1371 2210 necessarium
1400 2167 1479 2220 esse,
1513 2149 1564 2208 sed
1592 2147 1621 2208 in
1650 2146 1696 2208 bis
1723 2143 1916 2207 oratiunculis
1945 2142 2058 2206 auctori

359 2259 450 2336 magis
472 2258 560 2320 licere
583 2259 625 2319 eis
649 2259 702 2334 uti,
726 2257 852 2339 quaein
876 2268 1007 2321 mentem
1031 2261 1056 2320 ei
1081 2259 1209 2322 veniant
1256 2259 1314 2320 Nos
1338 2259 1457 2339 quidem
1481 2259 1627 2322 Blossium
1651 2258 1816 2320 sententias
1840 2257 1876 2318 de
1897 2255 2059 2332 tetralogiis

357 2375 433 2436 inter
461 2393 493 2437 so
523 2376 685 2438 contrarias
714 2376 874 2458 protulisse
903 2377 1036 2438 videmus
1063 2377 1264 2458 disputantem
1290 2395 1357 2439 mox
1381 2395 1430 2438 eas
1452 2373 1487 2438 ab
1511 2373 1695 2454 Antiphonte
1722 2369 1942 2433 exercitationis
1972 2387 2059 2430 causa

359 2487 449 2549 lactas
472 2506 540 2549 mox
562 2488 711 2569 discipulis
734 2490 769 2550 ad
793 2489 969 2552 imitandum
1003 2507 1068 2551 esse
1102 2490 1276 2570 propositas.
1321 2488 1384 2561 Qua
1411 2488 1442 2550 in
1469 2507 1501 2550 re
1530 2486 1691 2548 maximum
1719 2483 1878 2546 discrimen
1906 2499 1972 2542 esse
1999 2490 2059 2542 sta·

358 2603 503 2666 tuendum
528 2605 601 2667 mihi
624 2605 755 2677 videtum
776 2607 800 2668 si
824 2607 903 2668 enirn
926 2607 993 2686 quis
1016 2608 1088 2668 tales
1105 2607 1333 2668 declamationes
1349 2601 1566 2668 exercitationis
1581 2616 1668 2662 causa
1683 2596 1847 2677 componit,
1870 2594 1926 2656 nisi
1943 2592 2057 2655 iuvenis

358 2717 516 2778 admodum
541 2717 597 2779 bne
618 2717 713 2780 facore
735 2735 796 2779 non
820 2726 931 2799 potest,
962 2728 997 2781 ut
1023 2720 1079 2781 hoc
1107 2721 1193 2782 modo
1217 2718 1365 2799 paullatim
1389 2718 1418 2779 in
1441 2723 1504 2778 arte
1527 2731 1581 2774 sua
1615 2709 1806 2792 progrediens
1838 2707 1874 2768 ad
1908 2725 2053 2768 summam

357 2831 504 2892 sermonis
526 2829 697 2908 elegantiam
721 2832 886 2910 perveniam
908 2831 955 2893 sin
977 2839 1076 2892 autern
1100 2831 1166 2911 quis
1189 2830 1218 2892 in
1241 2832 1373 2892 animum
1397 2828 1512 2890 induxit
1535 2825 1693 2905 discipulos
1716 2821 1787 2884 artis
1811 2820 1958 2882 oratoriae
1974 2819 2053 2880 ruili-

359 2941 468 3005 mentis
490 2943 634 3016 imbuere,
656 2943 756 3023 ipsum
780 2943 837 3004 iam
861 2944 1045 3024 eloquentiae
1066 2944 1183 3007 laudem
1206 2952 1235 3007 et
1258 2944 1479 3026 amplitudinem
1503 2950 1622 3002 nactum
1646 2955 1711 2998 csse
1725 2955 1761 2998 ax
1777 2932 1893 3013 scriptis
1909 2933 2055 3013 quodam-

359 3055 446 3115 modo
473 3057 610 3134 cognosci
640 3066 765 3136 oportet
818 3055 876 3118 Sed
904 3057 1045 3136 quoniam
1079 3075 1168 3136 supra
1197 3057 1294 3137 aliqua
1324 3077 1391 3120 cum
1425 3052 1630 3135 probabilitate
1662 3047 1827 3113 ostendisse
1857 3045 1929 3106 mihi
1957 3045 2058 3106 videor

357 3167 569 3246 Antiphontem
592 3167 849 3249 quadragesimum
873 3169 976 3232 aetatis
998 3188 1110 3232 annum
1135 3171 1243 3248 egisse,
1274 3189 1340 3232 curn
1370 3166 1537 3246 tetralogiao
1560 3165 1721 3244 divulgatae
1744 3162 1817 3234 sint,
1845 3159 1911 3239 quis
1938 3157 2056 3239 estqui

359 3287 442 3359 putet
468 3281 551 3342 illum
585 3299 618 3342 ca
648 3281 770 3342 demum
805 3288 900 3342 aetate
928 3281 1001 3344 iuris
1031 3283 1121 3344 civilis
1148 3283 1284 3362 sacrique
1318 3282 1452 3362 peritiam
1480 3286 1671 3341 consecutum
1700 3293 1765 3336 esse
1793 3281 1823 3334 et
1850 3270 2054 3333 auctoritatem

357 3393 539 3472 gratiamque
562 3393 638 3473 apud
663 3393 803 3472 populum
827 3393 1051 3455 Atheniensium
1079 3394 1135 3456 sibi
1162 3395 1347 3466 conciliasse,
1380 3393 1488 3472 scripta
1518 3389 1662 3470 quaedam
1694 3388 1724 3448 in
1756 3385 1907 3467 publicum
1938 3383 2055 3462 prodire

356 3504 490 3574 iussisse,
518 3505 549 3566 in
573 3504 680 3584 quibus
704 3523 763 3566 non
792 3514 850 3565 tarn
879 3525 978 3567 sermo
1008 3507 1128 3568 minime
1158 3508 1304 3588 expolitus
1327 3506 1499 3586 alienusque
1522 3501 1559 3564 ab
1584 3501 1691 3564 usitato
1714 3500 1812 3561 Attico
1834 3515 1923 3577 quam
1948 3495 2055 3556 multae

360 3617 501 3678 vanitates
525 3625 555 3680 et
577 3617 706 3698 ineptiae
728 3614 943 3678 inveniuntur?
986 3618 1089 3699 Neque
1115 3621 1194 3680 enirn
1224 3621 1280 3680 hoc
1306 3617 1467 3680 consociari
1494 3625 1593 3696 potest
1615 3631 1682 3675 cum
1705 3609 1916 3689 Thucydidis¹l
1939 3605 2053 3676 iudicio,

359 3728 439 3809 quod
464 3725 760 3810 Pseudoplutarchi³l
786 3727 882 3790 verbis
906 3731 1124 3808 comprobatur.

500 3841 603 3922 ltaque
627 3859 806 3921 quocunque
829 3843 961 3904 animum
986 3853 1119 3904 nostrum
1144 3842 1356 3914 convertimus,
1380 3840 1523 3904 maximae
1538 3837 1726 3900 dillicultates
1743 3842 1945 3903 succrescunt,
1968 3838 2053 3909 atque

358 3951 472 4015 etiamsi
495 3973 528 4015 ex
552 3954 608 4027 eis,
638 3973 713 4036 quae
735 3954 833 4024 attuli,
864 3972 985 4035 prorsus
1018 3957 1151 4017 nondum
1179 3955 1255 4018 ellici
1285 3955 1354 4015 mibi
1383 3953 1519 4016 conscius
1546 3971 1612 4014 surn
1636 3948 1811 4030 Antiphonti
1834 3945 1940 4008 iniuria
1962 3952 2054 4004 tetra-

357 4068 449 4147 logias
472 4066 603 4128 subditas
626 4085 704 4138 esse,
732 4067 788 4128 nisi
817 4086 891 4128 nova
919 4078 1091 4147 argumenta
1119 4070 1154 4130 ad
1179 4069 1355 4132 senteutiam
1385 4085 1479 4128 meam
1512 4061 1744 4127 confirmandam
1769 4061 1925 4128 accedunt,
1953 4063 2054 4117 tamen

357 4179 585 4242 tundamentum
613 4178 725 4260 ipsum,
759 4198 818 4259 quo
847 4180 976 4243 virorum
1005 4181 1161 4242 doctorum
1190 4179 1346 4260 opiniones
1376 4179 1527 4250 nituntur,
1564 4193 1624 4238 non
1657 4174 1727 4236 satis
1757 4171 1883 4234 tirmiter
1908 4175 2055 4231 structum

359 4291 485 4354 dilucido
509 4292 730 4353 demonstrasse
754 4291 826 4353 mibi
849 4291 960 4354 videor.

1192 4481 1228 4544 ΙΙ.

501 4623 648 4698 Quoniam
672 4622 769 4704 priore
792 4622 1000 4703 disputationis
1023 4633 1105 4703 parte
1136 4630 1166 4686 et
1188 4643 1204 4684 e
1226 4622 1486 4702 grammaticorum
1516 4618 1695 4683 testimoniis
1725 4617 1772 4679 rix
1799 4615 1870 4678 certi
1899 4614 2050 4695 quiequam

359 4745 410 4800 aut
432 4737 544 4800 indubii
568 4737 711 4800 constitui
733 4747 764 4798 et
785 4737 920 4798 omnium
945 4737 1074 4798 virorum
1098 4738 1271 4809 sententias,
1294 4735 1345 4815 qui
1370 4733 1545 4815 Antiphonti
1560 4731 1788 4796 declamationes
1803 4727 1974 4790 tribuendas
1989 4740 2053 4785 esse

358 4861 568 4871 ——-——-——

496 4912 516 4976 1)
535 4909 581 4962 bra
598 4917 646 4962 att.
665 4909 824 4962 Baredaaml.
841 4908 875 4976 1¹,
895 4926 917 4977 p.
938 4909 995 4964 15³.

494 4999 516 5064 ¹)
533 4999 579 5052 lib.
598 4996 662 5062 l'lll,
675 4997 707 5048 68
725 4986 865 5066 κράτιστος
881 4995 1077 5066 ἐνθυμηθῆναι
1093 4991 1240 5066 γενόμενος
1257 4995 1303 5048 aral
1321 4989 1338 5047 ἃ
1355 4996 1434 5064 γνοίη
1451 4993 1547 5046 εἰπεῖν.

493 5087 516 5150 ³)
534 5085 595 5139 viu
614 5085 718 5153 Antiph.
737 5082 793 5138 ἔστι
810 5082 866 5138 d'lv
882 5087 938 5142 τοῖς
956 5079 1047 5152 λόγοις
1063 5070 1183 5155 ἀκριβής.
