4622 5696
1042 307 1262 370 ..25-

301 505 374 568 puer
396 487 483 566 plane
507 484 679 546 temeritatis
701 484 869 564 suspicione
892 482 1079 555 liberabatur,
1111 495 1208 546 tamen
1233 484 1372 546 defensor
1394 481 1421 544 id
1446 483 1562 544 silentio
1592 482 1654 546 lere
1683 484 1890 564 praetermittit
1916 493 2003 564 atquc

301 599 396 659 obiter
417 606 533 659 tantum
558 597 665 674 tangit:
701 593 789 658 Βδ4
813 594 845 656 el
867 593 928 676 μὲν
954 590 1021 658 ὑπὸ
1049 593 1271 679 παιδοτρίβου
1299 591 1498 675 καλούμενος
1525 590 1702 677 διέτρεχεν,
1737 589 1756 658 o‘
1784 592 2003 678 παιδοτρίβης

299 707 339 774 ἂν
362 697 565 782 οἷποιιτείνας
586 703 687 772 αὐτὸν
709 709 760 791 εἴη
766 735 777 786 3
801 709 873 788 quin
896 708 983 770 etiam
1007 709 1153 771 iudicibus
1176 709 1252 770 banc
1274 707 1475 769 conditionem
1499 706 1566 780 fert,
1589 715 1622 768 ut
1637 707 1753 784 eligant,
1777 714 1875 768 ulrum
1893 709 2003 788 paedo-

300 823 407 886 tribam
431 842 468 884 an
492 829 627 884 necatum
651 821 751 902 ipsum
776 820 871 883 caedis
894 823 977 903 culpa
1002 820 1095 882 teneri
1128 820 1230 882 malint
1257 819 1300 880 sic
1327 836 1465 899 pergens:
1498 816 1529 880 sl
1557 815 1587 880 δ’
1615 813 1670 900 ὑφ’
1697 813 1815 880 ἑαυτοῦ
1845 817 2003 892 πεισθεὶς

303 931 468 1018 ὑπῆλθεν,
491 927 590 1006 αὐτὸς
611 927 667 1015 ὑφ’
690 930 810 996 ἑαυτοῦ
831 928 1048 1016 διέφθαρται.
1093 932 1197 993 iliram
1220 929 1395 1010 sapientiam
1419 940 1449 992 et
1470 930 1666 992 ratiocinandi
1692 927 1766 992 vim!

449 1047 505 1110 Sed
529 1048 563 1107 ad
581 1045 736 1110 llerrlicbii
759 1044 929 1126 opinionem
954 1045 1172 1107 diiudicandam
1196 1043 1363 1105 redeamus.
1398 1043 1427 1104 ld
1452 1043 1531 1104 enim
1558 1045 1718 1107 tenendum
1744 1052 1789 1105 est
1811 1044 1892 1104 illum
1911 1043 2004 1106 virum

301 1160 419 1222 doctum
443 1177 504 1232 eos,
527 1159 577 1239 qui
601 1157 699 1219 caedis
721 1173 782 1219 non
806 1158 987 1218 voluntariae
1010 1157 1199 1219 condemnati
1222 1165 1308 1225 sunt,
1336 1175 1388 1236 per
1409 1173 1520 1217 annum
1545 1156 1637 1236 patria
1661 1174 1760 1218 carere
1784 1157 1883 1218 iussos
1907 1175 2002 1236 neque

301 1272 405 1334 borum
429 1271 506 1333 bona
530 1269 675 1351 publicata
700 1288 764 1332 esse
787 1268 978 1332 contendisse
1003 1270 1030 1344 (l.
1049 1289 1074 1330 ο.
1097 1289 1123 1351 p.
1142 1267 1207 1345 21).
1242 1268 1315 1330 Cum
1340 1278 1438 1330 autem
1462 1271 1492 1329 in
1517 1278 1596 1329 tanta
1620 1270 1787 1331 orationum
1811 1271 1905 1350 copia,
1928 1288 2002 1349 quas

299 1385 328 1446 in
351 1382 587 1446 iudiciisdtticis
610 1383 680 1444 olim
705 1381 818 1444 babilas
840 1391 918 1444 aetas
935 1381 1010 1454 tulit,
1034 1382 1147 1444 nullum
1172 1381 1322 1443 invenitur
1336 1381 1593 1460 grammaticorum
1611 1382 1826 1456 testimoninm,
1850 1401 1908 1462 quo
1924 1391 2002 1443 certa

298 1497 412 1558 ratione
435 1495 586 1557 evincatur
615 1494 690 1575 apud
714 1493 912 1556 Athenienses
941 1513 1066 1574 poenam
1095 1494 1192 1556 coedis
1213 1493 1426 1554 involuntariae
1456 1493 1549 1555 minui
1577 1494 1720 1572 potuisse,
1744 1513 1797 1574 ego
1822 1503 1853 1556 ut
1885 1497 2001 1557 credam

301 1626 363 1669 non
386 1608 467 1671 lacile
489 1627 505 1668 a
529 1627 575 1668 me
597 1605 762 1687 impetrabo
786 1627 865 1680 eum,
900 1608 950 1688 qui
973 1608 1037 1668 sine
1060 1607 1226 1670 temeritate
1251 1605 1446 1668 involuntarie
1469 1605 1658 1678 interfecerit,
1684 1607 1798 1668 minore
1820 1626 1915 1688 poena
1938 1627 2003 1670 esse

302 1721 447 1782 adlectum
471 1737 558 1800 quam
582 1720 628 1782 cui
651 1719 833 1799 neglegentia
856 1719 973 1783 crimini
995 1721 1127 1782 vertitur.
1172 1719 1244 1780 Nem
1273 1718 1353 1800 quod
1382 1718 1478 1780 solum
1509 1718 1593 1779 video
1625 1718 1696 1781 aiibi
1724 1718 1799 1780 obiri
1825 1738 1912 1801 posse
1933 1738 2003 1800 per-

301 1833 413 1896 cussori
436 1831 550 1894 venians
574 1833 673 1896 dauns
696 1851 770 1906 esse,
793 1832 818 1895 si
842 1833 957 1894 occisus
980 1844 1051 1896 ante
1076 1841 1201 1894 mortem
1223 1839 1274 1893 aut
1289 1831 1352 1894 eius
1368 1831 1493 1910 cognati,
1517 1830 1626 1910 quibus
1642 1835 1685 1894 las
1702 1841 1766 1893 erat
1780 1831 2001 1897 interfectorem

302 1945 334 2005 in
356 1946 401 2006 ins
425 1964 541 2020 vocare,
564 1945 606 2007 illi
628 1946 739 2008 lactum
762 1946 949 2026 ignoverant,
979 1946 1014 2008 ad
1044 1955 1174 2008 nostram
1204 1945 1410 2026 quaestionem
1434 1962 1494 2005 non
1517 1943 1690 2024 pertinet¹).
1736 1945 1789 2006 Sin
1812 1956 1910 2006 autem
1934 1963 2002 2026 per-

301 2075 402 2120 cussor
424 2077 439 2120 a
462 2059 596 2138 cognatis
618 2067 771 2121 accusatus
794 2059 858 2139 ipse
886 2078 918 2120 se
946 2059 1143 2121 involuntarie
1170 2057 1356 2120 interfecisse
1384 2057 1538 2118 contessus
1559 2067 1635 2130 erat,
1664 2075 1790 2138 poenam
1811 2057 2001 2120 constitutam

299 2171 467 2234 necessario
489 2171 620 2252 suscepit
642 2180 672 2232 et
694 2172 723 2232 in
747 2171 865 2234 erilium
889 2171 971 2244 abiit,
995 2173 1073 2252 quod
1098 2171 1145 2234 dei
1167 2169 1252 2234 inferi
1274 2181 1359 2232 erant
1382 2169 1563 2251 expiandi¹).
1599 2169 1657 2233 Sed
1681 2171 1810 2251 cognatis
1833 2169 1944 2233 mortui
1967 2189 2002 2231 ex

300 2283 414 2362 legibus
438 2283 541 2346 Atticis
563 2284 742 2364 permissum
766 2293 837 2358 erat,
861 2285 1032 2365 priusquam
1057 2283 1232 2346 exulationis
1255 2294 1373 2364 tempus
1397 2284 1603 2364 praeterierat,
1633 2301 1685 2344 reo
1707 2283 1875 2363 ignoscere,
1905 2292 1937 2345 ut
1957 2281 2002 2344 illi

300 2397 330 2458 in
363 2397 485 2477 patriam
520 2397 615 2460 redire
647 2397 759 2460 licitum
795 2396 915 2473 esset³).
975 2398 1115 2460 Videmus
1148 2397 1238 2477 igitur
1270 2397 1327 2458 hoc
1359 2416 1478 2478 quoquc
1512 2397 1599 2458 modo
1635 2395 1789 2459 Herrlicbii
1829 2396 2000 2477 opinionem

300 2507 485 2570 abiciendam
509 2529 583 2572 esse.
628 2511 686 2572 lam
712 2529 779 2584 una,
804 2519 836 2572 nt
859 2512 931 2572 mibi
954 2511 1074 2592 quidem
1099 2512 1224 2584 videtur,
1249 2519 1342 2572 restat
1366 2510 1418 2582 via,
1442 2528 1499 2589 qua
1523 2529 1557 2572 er
1581 2510 1627 2571 bis
1648 2510 1795 2589 angustiis
1817 2509 2001 2572 Herrlicbius

301 2621 423 2684 evadere
445 2621 548 2703 possit.
593 2623 635 2684 Ex
658 2623 840 2686 orationibus
863 2625 942 2685 enim
968 2623 1052 2685 nobis
1075 2623 1198 2684 servatis
1221 2623 1291 2684 nibil
1315 2623 1410 2702 colligi
1440 2631 1554 2702 potest,
1583 2641 1642 2703 quc
1672 2641 1796 2703 poenam
1820 2622 1918 2686 caedis
1940 2640 2001 2686 non

301 2734 480 2796 voluntariae
501 2751 554 2815 per
576 2753 687 2798 annuns
710 2735 803 2798 luisse
825 2737 1025 2798 explationem
1049 2755 1103 2816 pro
1126 2746 1207 2799 certo
1230 2735 1489 2807 constituamus⁴l.
1524 2735 1665 2798 Nostrum
1688 2737 1778 2814 igitur
1799 2735 1940 2798 iudicium
1965 2736 2001 2798 de

300 2847 355 2910 bac
376 2865 409 2908 re
431 2848 527 2928 aliqua
550 2866 586 2910 ex
608 2856 693 2928 parte
716 2849 826 2928 pendet
848 2869 864 2909 e
886 2849 1143 2928 grammaticorum
1168 2849 1356 2922 testimoniis,
1381 2868 1456 2929 quae
1476 2848 1542 2910 sine
1557 2847 1647 2910 dubio
1663 2869 1679 2910 ο
1696 2849 1817 2911 vetustis
1834 2859 1864 2912 et
1879 2849 2000 2930 optimis

301 2959 435 3022 lontibus
457 2960 648 3040 linxeruntl).
693 2961 766 3023 Cum
791 2981 859 3023 vero
882 2961 923 3022 illi
945 2962 1127 3039 grammatici
1152 2981 1211 3024 non
1235 2962 1324 3024 modo
1347 2960 1570 3022 atheniensium
1594 2961 1812 3022 institutionum
1837 2961 1887 3022 sed
1911 2963 1999 3024 etiam

300 3073 423 3135 aliorum
448 3073 624 3153 populorum
648 3073 793 3136 rationem
816 3074 922 3136 habere
944 3074 1021 3135 soliti
1044 3074 1114 3144 sint,
1138 3093 1241 3136 eorum
1266 3074 1469 3136 auctoritatem
1493 3073 1645 3136 minimam
1670 3092 1735 3135 esse
1758 3083 1789 3134 et
1803 3073 1875 3136 adeo
1890 3074 1999 3136 nubem

301 3185 436 3246 nonnulli
473 3184 724 3248 existimaverunt.
774 3187 874 3266 ltaque
901 3185 1031 3248 Platonis
1059 3187 1249 3267 potissimum
1278 3189 1357 3266 leges
1386 3185 1479 3249 secuti
1508 3190 1548 3267 (p.
1566 3185 1626 3248 867
1641 3185 1672 3259 C,
1687 3184 1727 3258 ὓς
1755 3185 1869 3267 87111)
1896 3205 1999 3268 saepe·

299 3315 423 3360 numero
446 3297 476 3358 in
498 3297 586 3360 certis
607 3299 769 3360 facinorum
799 3298 956 3377 generibus
985 3299 1184 3362 explationem
1213 3316 1265 3378 per
1293 3297 1386 3360 maius
1414 3299 1557 3378 temporis
1585 3299 1714 3378 spatium
1744 3299 1836 3361 luisse
1864 3299 1999 3362 arbitrati

300 3419 378 3472 sunt.
413 3410 442 3472 Si
457 3409 636 3473 Herrlicbius
660 3429 780 3492 quoque
803 3411 909 3473 borum
933 3411 1076 3474 iudicium
1100 3411 1269 3494 accepisset,
1293 3411 1392 3492 opinio
1415 3411 1479 3473 eius
1495 3411 1621 3492 aliquam
1637 3411 1853 3492 probabilitatis
1868 3411 1998 3492 speciem

299 3527 543 3603 praeseferret.
588 3522 691 3603 Neque
713 3523 886 3594 defuerunt,
917 3525 968 3605 qni
998 3524 1085 3587 etiam
1113 3545 1149 3586 οι
1176 3524 1303 3587 secunda
1334 3523 1481 3602 tetralogia
1504 3543 1569 3586 esse
1592 3525 1826 3617 concludendum
1850 3525 1907 3588 sibi
1930 3543 1999 3606 per·

299 3635 459 3708 suaserint,
486 3635 747 3714 grammaticorum
778 3637 984 3701 testimonium
1013 3638 1196 3700 reiciendum
1220 3656 1302 3709 esse,
1335 3637 1414 3718 quod
1443 3636 1527 3699 verbe
1557 3637 1665 3718 quibus
1694 3647 1777 3718 pater
1810 3638 1861 3699 lilii
1887 3650 1999 3700 sortem

299 3749 478 3811 lamentatur
499 3748 606 3811 nimiae
628 3749 780 3828 gravitatis
803 3759 833 3810 et
856 3749 975 3812 maioris
998 3751 1138 3832 ponderis
1161 3751 1231 3825 sint,
1248 3768 1336 3832 quarn
1353 3759 1387 3812 ut
1402 3751 1444 3812 eis
1461 3767 1549 3830 parua
1566 3767 1659 3831 poena
1676 3751 1874 3830 significetur:
1897 3749 1943 3830 Ββ
1961 3751 1999 3812 10

299 3858 358 3924 ἐπί
379 3882 414 3923 τε
435 3859 496 3942 γὰρ
518 3863 557 3950 τῇ
578 3857 696 3924 τούτου
718 3859 896 3946 διαφθορᾷ
918 3857 1062 3942 ἀβίωτον
1083 3862 1120 3927 τὸ
1143 3861 1344 3946 λειπόμενον
1364 3861 1423 3925 τοῦ
1438 3863 1515 3944 βίον
1539 3857 1657 3940 διάξω,
1681 3861 1740 3925 ἐπί
1754 3885 1789 3926 τε
1804 3863 1843 3951 τῇ
1858 3861 2001 3945 ἐμαυτοῦ

300 3969 447 4052 δπαιδ1α
480 3971 542 4046 ζεῖν
576 3971 625 4036 ἔτι
653 3971 957 4058 καεοροχθήαομαι.
1012 3977 1064 4040 Cui
1092 3985 1268 4056 argumento
1303 3992 1364 4038 non
1392 3977 1519 4038 multum
1550 3975 1640 4038 tribui
1669 3985 1776 4056 potest.
1826 3976 1899 4038 Nam
1928 3976 2001 4039 baec

472 4099 510 4106 .—

301 4161 416 4198 sermone
436 4147 535 4199 Graeco
554 4149 665 4212 recedit3
685 4165 739 4200 nam
758 4149 863 4200 verbum
881 4143 1072 4217 ι’ποδέχεσδοιι
1090 4167 1137 4201 ron
1158 4165 1216 4202 raro
1236 4151 1371 4202 invenitor
1382 4149 1428 4200 snb
1441 4149 1545 4200 notione
1560 4150 1705 4215 pellicandi,
1718 4150 1762 4201 sed
1776 4151 1841 4216 apud
1857 4150 1998 4216 scriptores

303 4236 459 4287 vetustiores
477 4248 576 4300 semper
589 4251 643 4286 conr
656 4233 736 4287 lutari
749 4235 879 4288 infinitivo
892 4237 1061 4300 coniunctam,
1073 4235 1106 4289 cl.
1119 4235 1233 4305 Thucyd.
1246 4235 1276 4302 ll,
1289 4237 1334 4300 293
1346 4237 1438 4289 lierod.
1450 4233 1468 4298 1,
1484 4237 1529 4300 243
1541 4234 1585 4300 IV,
1601 4236 1661 4298 13³3
1676 4235 1738 4298 1³73
1753 4236 1794 4299 vl,
1809 4239 1852 4300 rr;
1866 4233 1929 4300 vltl,
1944 4236 1999 4287 tus.

300 4318 413 4386 ignatias
432 4322 549 4388 proponit
567 4306 599 4372 οὗ
618 4317 767 4391 indolere:
786 4337 867 4390 „puer
886 4336 916 4373 eo
934 4323 1056 4390 temporis
1074 4333 1176 4391 puncto,
1203 4341 1250 4392 qno
1263 4331 1351 4391 coepta
1365 4331 1425 4375 anot
1438 4322 1621 4374 iaculatoribus
1635 4323 1720 4374 iacula
1733 4323 1834 4386 extolli,
1854 4339 1908 4374 earn
1922 4338 2000 4374 vocs·

301 4415 373 4458 retur
390 4421 405 4456 a
424 4405 590 4473 paedotriba“
609 4415 636 4459 et
653 4425 689 4477 qs.
721 4407 769 4460 Sed
783 4409 930 4460 vocabulum
943 4393 975 4460 οὗ
987 4425 1117 4476 nosquam,
1135 4410 1199 4480 quod
1212 4413 1312 4479 quidem
1325 4410 1412 4474 scians,
1430 4409 1477 4461 snb
1496 4411 1543 4460 bac
1561 4411 1665 4461 notione
1681 4409 1885 4476 deprehenditur.
1919 4407 1999 4460 dinlto

302 4493 460 4560 probabilior
479 4501 518 4545 est
537 4495 683 4546 boblnsanni
701 4496 850 4548 coniectura
868 4495 1060 4562 (Antiphontes,
1081 4497 1412 4564 Vravtelav.rsss‚p.17),
1431 4496 1473 4562 qui
1492 4496 1596 4562 scripsit
1608 4493 1644 4554 ὡς
1655 4494 1801 4563 leodegarus
1820 4510 1868 4560 „eo
1885 4501 2000 4560 ternpore

302 4587 434 4630 vocatura
451 4580 608 4647 paedotriba,
625 4597 674 4647 quo
693 4580 786 4633 licebat
805 4581 1010 4635 adulescentibus
1028 4584 1081 4634 tela
1100 4584 1250 4650 colligere“.
1274 4585 1333 4635 Cum
1347 4597 1410 4634 vero
1423 4589 1558 4634 aecusator
1571 4583 1634 4634 bruc
1647 4598 1733 4634 vocem
1748 4582 1826 4633 anilia
1845 4581 1999 4633 testimoniis

300 4665 470 4730 confirmatur,
489 4675 612 4733 patronus
631 4668 755 4718 radonem
774 4683 822 4717 nen
840 4668 925 4733 babet,
944 4675 972 4720 nt
990 4671 1104 4722 omnibus
1123 4670 1187 4722 loeis
1205 4686 1270 4721 vana
1288 4677 1315 4721 at
1333 4669 1417 4720 inanis
1435 4669 1623 4732 argumentatio
1642 4667 1821 4736 perspiciatur.

434 4751 455 4817 ι)
473 4752 593 4821 Philippi,
611 4754 662 4806 iler
680 4755 800 4821 Areopag
817 4769 841 4806 u.
860 4755 900 4805 die
919 4754 1043 4822 llpbateo,
1062 4773 1085 4823 p.
1100 4757 1164 4820 1¹53
1185 4757 1242 4811 14⁵1.

433 4837 454 4904 ²)
474 4841 639 4906 Scboemsna,
654 4841 792 4907 Antiquitt.
804 4857 827 4907 p.
842 4840 902 4891 2116.

431 4925 453 4990 ⁸)
471 4925 636 4992 Schoenus,
646 4929 786 4995 Antiquae.
799 4944 821 4994 p.
836 4927 884 4977 298
905 4928 969 4978 sae.
986 4929 1026 4980 11.

434 5011 455 5076 ⁴)
473 5013 607 5080 Hermann,
620 5014 722 5066 Griecb.
736 5013 910 5065 Stasmltert.
924 5011 941 5078 ξ
955 5014 1012 5076 1114,
1029 5014 1068 5067 11.

434 5101 456 5163 ⁸)
474 5099 610 5166 llerruaon,
622 5101 721 5168 disput.
735 5101 765 5152 de
779 5101 874 5164 vestig.
887 5116 910 5167 p.
923 5099 964 5153 bl.

354 5185 425 5228 delate
438 5183 505 5228 stadt.
520 5185 569 5228 labb
585 5185 717 5242 burgensi.
