4644 5698
1063 341 1286 408 ..pg-

328 521 416 586 rerba
450 520 487 584 ab
520 531 635 585 oratore
669 521 700 584 in
736 520 851 601 epilogo
885 539 950 584 esse
981 523 1055 585 facta
1084 522 1231 605 imprimis
1262 521 1511 584 considerandum
1534 531 1591 594 est,
1625 521 1655 582 in
1682 539 1742 602 qno
1776 520 1906 586 indicum
1938 523 2028 586 animi

327 637 362 696 ad
387 637 617 698 misericordiam
641 641 886 714 permoverentur
908 643 937 694 ιι
958 634 1224 716 supplicationibus
1246 635 1281 697 ad
1306 633 1492 696 clementiam
1518 635 1556 696 ita
1579 635 1818 711 deflecterentur,
1847 645 1882 699 ιιι
1909 654 2028 717 semper

327 750 475 810 calamitas
499 749 610 812 idoneis
636 747 754 810 vocibus
777 746 1013 826 amplificaretur.
1059 747 1124 810 flue
1146 748 1272 823 accedit,
1299 748 1378 828 quod
1406 747 1530 809 omnino
1559 748 1781 828 tetralogiarum
1808 759 1913 812 auctor
1935 751 2027 810 multa

325 862 466 941 grandius
489 871 518 924 et
540 861 714 941 exquisitius
735 869 890 940 poetarum
914 877 997 921 more
1020 839 1164 941 exposuit,
1187 881 1245 942 qua
1268 871 1390 942 propter
1411 861 1460 921 illa
1483 858 1569 922 rerba
1593 861 1666 923 nibil
1690 862 1796 923 valent.
1830 862 1968 923 Fortasse
1990 881 2028 922 ex

325 975 381 1037 illis
404 975 499 1037 verbis
523 985 552 1036 et
573 993 607 1036 er
631 993 676 1046 en,
699 975 776 1052 quod
800 973 1005 1035 accusatorio
1028 974 1220 1036 oratiunculis
1243 991 1304 1034 non
1327 973 1481 1052 significat,
1505 974 1648 1054 quamdiu
1671 993 1740 1036 reus
1762 973 1930 1036 inexilium
1947 973 2029 1036 abire

326 1087 438 1160 debeat,
462 1097 611 1148 auctorem
635 1087 756 1148 omnino
779 1086 931 1164 ignorasse
953 1086 1128 1149 exulationis
1151 1097 1267 1167 tempus
1290 1086 1437 1159 omnibus,
1460 1088 1512 1166 qui
1535 1086 1654 1148 caedem
1677 1087 1904 1149 involuntariam
1927 1096 2028 1166 patra·

325 1209 436 1272 rorant,
460 1201 538 1261 idern
563 1211 591 1260 ct
614 1200 702 1260 breve
725 1199 818 1260 fuisse
841 1198 976 1260 concludi
998 1209 1104 1278 potest.

471 1313 529 1373 lanr
553 1323 738 1373 transeamus
762 1312 796 1372 ad
820 1310 938 1371 tertiam
962 1310 1142 1390 tetralogiam
1167 1313 1423 1391 perscrutandam,
1446 1311 1482 1372 de
1505 1329 1562 1391 qua
1586 1311 1682 1372 adbuc
1704 1311 1797 1373 multa
1818 1320 1848 1372 ιι
1866 1312 1942 1374 uaria
1958 1329 2029 1392 pro-

327 1426 457 1486 nuntiata
481 1435 551 1486 sunt
572 1424 689 1496 iudicia,
714 1434 745 1483 ut
767 1423 989 1502 diligentissime
1013 1440 1067 1484 nos
1090 1423 1257 1484 examinare
1280 1423 1479 1484 necessarium
1503 1422 1543 1483 sit
1564 1432 1653 1501 atque
1670 1441 1721 1484 eus
1736 1441 1863 1496 errores,
1885 1423 1937 1502 qui
1959 1424 2029 1484 inde

327 1549 396 1600 sunt
424 1539 533 1605 secuti,
562 1537 640 1616 quod
670 1537 745 1596 male
773 1555 789 1596 a
819 1534 920 1596 multis
948 1534 1092 1596 intellecta
1121 1545 1179 1608 ost,
1206 1537 1340 1616 detegere
1368 1554 1401 1597 ac
1423 1535 1566 1597 refellere.
1611 1535 1784 1598 Manifestus
1806 1545 1904 1597 autem
1927 1551 2024 1596 reru·

327 1669 420 1712 nexus
443 1661 472 1711 et
495 1653 637 1713 decursus
661 1649 742 1709 bicce
765 1659 824 1709 est:
848 1649 946 1708 Senex
969 1648 1005 1708 ab
1028 1647 1134 1709 iuvene
1156 1649 1196 1708 ita
1220 1659 1265 1709 cst
1289 1647 1468 1720 verberatus,
1493 1659 1526 1710 ut
1549 1649 1664 1709 nredico
1680 1648 1797 1710 cuidam
1813 1648 1895 1708 illum
1913 1648 2028 1708 tradere

327 1765 484 1844 propinqui
507 1773 683 1823 statuerent.
722 1761 823 1841 Neque
846 1773 947 1822 tamen
972 1760 1077 1822 medici
1101 1779 1170 1823 cura
1194 1761 1300 1834 ellecit,
1324 1771 1358 1822 ut
1379 1779 1468 1822 senex
1492 1771 1618 1823 mortem
1640 1761 1793 1838 eflugeret.
1831 1760 1935 1839 ltaque
1950 1759 2029 1820 illius

326 1877 438 1956 cognati
462 1876 598 1936 iuuenem
623 1873 773 1936 homicidii
795 1883 965 1946 arcessunt,
993 1875 1043 1953 qni
1070 1875 1109 1936 ita
1139 1892 1173 1934 se
1196 1873 1342 1944 defendit,
1373 1883 1406 1935 ut
1428 1891 1491 1936 non
1513 1893 1546 1936 se
1570 1874 1673 1936 mortis
1695 1881 1845 1935 auctorem
1869 1891 1934 1934 esse
1956 1891 2028 1934 con-

327 1987 430 2048 tendat
452 1987 503 2048 sed
529 1969 689 2060 medicum,
718 1986 768 2066 qui
798 1987 904 2048 vulnus
932 1988 1010 2048 senis
1033 2005 1174 2068 perverse
1196 1987 1350 2049 onraueml.
1395 1985 1513 2049 iuuenis
1540 1999 1636 2049 autem
1666 1986 1697 2047 in
1720 1986 1829 2048 iudicio
1850 1983 1887 2048 ἐν
1903 1979 2029 2066 Ἄρειο-

327 2096 423 2184 πάνῳ
447 2099 650 2162 defensionem
674 2098 782 2160 babere
806 2109 926 2162 coactus
949 2108 1004 2161 est.

469 2207 564 2292 'Atque
587 2231 622 2272 er
645 2213 738 2292 prima
761 2211 881 2291 quidem
906 2211 1090 2274 oratiuncula
1114 2221 1253 2290 cognatos
1275 2213 1414 2275 iuuenem
1437 2212 1604 2293 postulasse
1627 2212 1767 2285 cernitur,
1789 2209 1868 2292 quod
1884 2211 1934 2272 ille
1955 2215 2028 2272 oon·

326 2323 391 2384 silio
413 2322 531 2384 caedem
555 2331 700 2403 patrasset
721 2335 750 2384 et
772 2341 862 2385 senen
886 2325 986 2385 statim
1016 2335 1153 2386 mortuus
1181 2332 1279 2386 esset:
1321 2325 1401 2387 Γα6
1423 2325 1454 2386 ei
1479 2323 1541 2408 μὲν
1568 2323 1631 2407 γὰρ
1657 2319 1748 2387 ἄκων
1775 2318 1949 2386 ἀπέκτεινε
1972 2321 2029 2386 τὸν

327 2430 445 2516 ἄνδρα,
469 2431 561 2508 ἄξιος
583 2431 623 2496 ἂν
646 2429 684 2516 ἦν
707 2432 898 2518 συγγνώμης
919 2445 1030 2515 τυχεῖν
1051 2433 1155 2509 τινός·
1189 2433 1282 2518 ὕβρει
1305 2435 1421 2499 δὲκαὶ
1444 2432 1608 2515 ἀκολασίᾳ
1640 2435 1811 2519 magnienia
1843 2436 1891 2508 εις
1924 2432 2029 2519 ἄνδρα

326 2544 522 2629 πρεσβύτην,
543 2542 675 2609 τύπτων
697 2569 732 2610 ιε
754 2547 810 2610 καὶ
834 2549 962 2626 πνίγειν
985 2551 1045 2622 ἕως
1066 2550 1122 2623 τῆς
1144 2549 1253 2633 ψυχῆς
1280 2543 1506 2633 ἀπεστέρησεν
1539 2544 1649 2620 αὐτόν,
1685 2546 1728 2624 ὥς
1748 2547 1810 2632 μὲν
1831 2544 2029 2622 ἀποκτείνας

326 2661 386 2724 τοῦ
408 2658 513 2745 φόνοι
534 2667 605 2732 τοῖς
627 2657 815 2742 ἐπιτιμίοις
841 2658 953 2740 ἔνοχός
979 2659 1080 2726 ἔστιν.
1124 2662 1158 2724 lli
1185 2665 1365 2744 percussori,
1397 2665 1449 2745 qui
1482 2662 1675 2726 homicidium
1710 2663 1879 2725 inconsulto
1912 2664 2027 2736 locent,

327 2774 478 2837 interfecti
493 2773 675 2854 propinquos
690 2773 843 2853 ignoscere
858 2775 991 2856 potuisse
1006 2775 1063 2837 ianr
1080 2793 1170 2855 supra
1186 2778 1491 2850 commemoravimus,
1515 2777 1573 2838 nisi
1588 2785 1725 2838 mortuus
1737 2775 1804 2857 ipse
1819 2785 1886 2838 ante
1902 2785 2024 2838 mortem

327 2907 454 2969 poenam
478 2889 686 2968 postulaverat.
730 2887 772 2948 Er
796 2887 892 2951 verbis
915 2899 1013 2951 auteur
1042 2907 1117 2969 quae
1143 2898 1311 2970 sequuntur
1335 2891 1401 2970 lege
1422 2889 1516 2952 Attica
1543 2891 1739 2953 constitutum
1766 2907 1833 2952 esse
1865 2907 1946 2965 euna,
1977 2887 2026 2970 qui

329 3003 466 3063 consulto
490 3001 577 3062 alium
601 3001 750 3072 occiderit,
773 3019 935 3082 numquam
966 3003 1080 3063 veniam
1110 3002 1241 3064 nancisci
1264 3005 1397 3083 potuisse
1431 3003 1513 3066 facile
1547 3003 1692 3084 quispiam
1726 3001 1924 3083 concludat¹b
1971 3001 2029 3064 Sed

331 3117 407 3178 banc
429 3135 547 3197 quoque
571 3133 695 3195 poenam
719 3115 871 3176 remissam
895 3134 970 3186 esse,
993 3115 1040 3177 nui
1063 3116 1239 3178 interfectus
1262 3131 1331 3179 ante
1354 3125 1481 3178 mortem
1498 3116 1668 3194 ingratiam
1685 3116 1815 3190 redierit,
1837 3113 2032 3196 Philippa'us’)

328 3230 444 3292 disertis
468 3228 565 3290 uerbis
588 3229 811 3290 demonstrauit
857 3227 963 3291 Mirum
986 3229 1077 3308 igitur
1100 3239 1153 3302 est,
1177 3231 1256 3310 quod
1281 3231 1360 3291 nullo
1384 3231 1447 3292 loco
1470 3229 1644 3292 continetur
1659 3230 1781 3303 mentio,
1803 3247 1876 3292 nnnr
1892 3237 2030 3290 nonnus

327 3344 385 3404 ianr
408 3343 470 3424 ipse
493 3363 508 3404 a
532 3344 662 3422 cognatis
685 3342 812 3422 petierit,
835 3352 869 3404 ιιι
891 3361 1049 3422 percussor
1071 3361 1140 3404 reus
1164 3343 1257 3416 lieret,
1283 3361 1349 3405 cum
1373 3361 1474 3405 senem
1491 3362 1524 3405 re
1540 3361 1605 3405 vera
1621 3342 1821 3424 compluribus
1837 3340 1940 3404 diebos
1961 3348 2030 3422 post

329 3459 421 3518 rixam
443 3477 459 3516 e
483 3457 539 3517 uita
563 3455 733 3516 discessisse
756 3455 945 3516 manifestum
968 3457 1015 3517 sit.
1061 3457 1168 3518 Verum
1185 3457 1257 3518 baec
1279 3459 1310 3517 in
1327 3467 1509 3530 transcursu,
1532 3475 1606 3537 quae
1622 3469 1724 3537 postea
1740 3465 1882 3536 repetam.
1904 3455 2029 3518 trema·

331 3583 424 3632 torem
449 3579 546 3631 autern
570 3569 700 3630 criminis
725 3569 877 3630 ueritatem
907 3569 1030 3631 testibus
1057 3570 1195 3633 adhibitis
1223 3571 1415 3634 confirmasse
1441 3587 1582 3650 apparere
1609 3569 1724 3631 videtur
1754 3588 1789 3630 ex
1812 3567 1920 3641 uerbis,
1955 3585 2028 3650 qnae

329 3695 428 3745 orator
449 3683 531 3744 lacit:
560 3683 639 3742 sat
664 3679 787 3743 τῶνδὲ
811 3679 984 3764 μαρτύρων
1006 3677 1178 3766 ἀκηκόατε,
1204 3687 1240 3746 of
1261 3685 1416 3766 παρῆσαν
1444 3683 1657 3764 παραινοῦντι
1685 3677 1782 3764 αὐτῷ.
1827 3681 1929 3762 Neque
1957 3681 2027 3742 adeo

330 3815 385 3858 nos
408 3798 485 3876 capit
508 3794 671 3871 admiratio,
698 3796 776 3874 quod
802 3795 1004 3857 testimonium
1026 3812 1088 3856 non
1112 3797 1147 3857 ad
1172 3795 1295 3858 verbnm
1318 3796 1458 3868 adfertur,
1493 3813 1560 3856 oum
1584 3795 1638 3856 bae
1668 3812 1753 3857 vocas
1775 3795 1950 3874 plerumque
1969 3791 2027 3852 ian

330 3921 399 3972 ante
422 3909 568 3970 actionem
592 3906 756 3970 iudicialem
781 3910 942 3970 ederentur
964 3919 992 3970 et
1015 3910 1049 3970 ad
1080 3921 1142 3973 acta
1171 3909 1432 3992 reponerentnr⁸);
1466 3917 1627 3990 praeterea,
1649 3925 1795 3986 quaenam
1822 3907 1918 3987 capita
1942 3923 2028 3968 aucu-

329 4023 452 4084 sationis
474 3999 595 4093 fuerint,
629 4021 742 4081 etiamsi
766 4041 802 4082 ex
825 4023 960 4084 oratione
986 4021 1049 4102 ipsa
1079 4041 1140 4085 non
1168 4025 1237 4086 satis
1267 4031 1433 4103 patescunt,
1468 4023 1630 4084 tenendum
1664 4029 1710 4082 est
1731 4019 1762 4082 in
1793 4019 1902 4081 indicio
1923 4017 2028 4086 ntum,

329 4148 488 4215 antequam
511 4132 704 4210 litigatoribus
732 4135 844 4196 dicendi
872 4144 1003 4216 potestas
1033 4135 1124 4208 fieret,
1158 4145 1188 4198 ct
1221 4137 1399 4199 accusatoris
1432 4144 1462 4198 et
1483 4135 1526 4196 rei
1550 4134 1680 4196 libellum
1713 4130 1784 4212 (τὰς
1806 4123 2023 4211 ἀντιγραφάς)

330 4249 491 4330 perlectum
515 4247 631 4324 esse⁴);
654 4247 750 4325 itaque
774 4247 843 4327 quid
867 4256 1012 4327 ageretur,
1034 4247 1179 4310 iudicibus
1202 4250 1233 4310 in
1256 4250 1429 4311 universum
1451 4257 1557 4309 notnm
1579 4254 1651 4308 erat.
1695 4245 1764 4318 Quo
1787 4243 1956 4309 testimonio
1971 4243 2030 4306 iam

330 4373 416 4424 antea
440 4360 553 4441 prolato
576 4359 660 4420 nisus
684 4370 838 4422 accusator
858 4361 994 4423 iuuenem
1019 4361 1116 4422 caedis
1138 4361 1319 4424 uoluntariae
1334 4363 1452 4424 incusat
1467 4371 1497 4424 et
1515 4360 1552 4422 ab
1567 4359 1715 4421 iudicibus
1730 4358 1813 4438 petit,
1837 4366 1872 4420 ιιι
1884 4355 2030 4438 supplicio

331 4477 506 4538 adficeretur
529 4473 593 4554 (Γα
610 4471 654 4551 6).
700 4472 906 4536 Potueruntne
928 4485 1027 4538 autem
1050 4481 1141 4536 testes
1164 4474 1275 4554 optima
1297 4476 1354 4538 lide
1376 4475 1423 4538 illa
1446 4472 1535 4538 rerba
1556 4471 1653 4535 facero
1668 4471 1704 4535 ab
1721 4472 1826 4534 iurene
1842 4488 1949 4534 senem
1965 4487 2031 4531 ver·

329 4589 464 4652 beratum
487 4587 763 4668 strangulatumque
786 4605 860 4660 esse,
884 4589 977 4650 donec
998 4587 1116 4648 animus
1139 4605 1208 4650 eum
1231 4585 1434 4652 deseruisset?
1471 4588 1678 4651 Potueruntne
1692 4587 1759 4650 iure
1772 4585 1940 4666 meritoque
1956 4601 2029 4647 nun·

429 4829 449 4890 ¹)
470 4831 506 4878 Γα
519 4829 534 4878 6
552 4823 587 4884 ὡς
604 4823 632 4876 δὲ
650 4825 770 4892 orygem
786 4817 896 4875 ἅπαντα
914 4822 969 4876 τῶν
984 4825 1160 4896 γεραιοιέριιν
1171 4823 1203 4876 rei
1217 4819 1334 4894 νόμιμα,
1352 4821 1462 4884 οὐδενὸς
1474 4821 1614 4896 ἁμαρτεῖν,
1634 4817 1674 4884 οἷς
1687 4823 1714 4877 ol
1725 4825 1843 4877 corotico«
1856 4819 2026 4886 κολάζονται,

329 4909 435 4972 δίκαιός
453 4915 536 4966 ἔστιν.

430 5005 451 5064 ²)
470 5004 520 5053 llcr
533 5005 648 5068 Areopng
661 5015 685 5050 u.
697 4999 738 5050 dic
749 4997 874 5065 flpbetcn,
888 5011 911 5062 p.
926 4996 983 5049 ltu.

429 5090 450 5153 ὅ]
470 5091 550 5142 ileier
563 5107 588 5139 n.
601 5088 749 5148 Scisti-nnn,
763 5085 813 5136 fler
823 5090 870 5135 att.
883 5081 992 5134 Process
1007 5085 1045 5136 od.
1059 5084 1162 5153 Lipsius
1176 5102 1199 5153 p.
1213 5087 1271 5138 883.

397 5207 408 5232 ι
433 5177 453 5238 ll
473 5176 522 5226 ller
534 5184 581 5227 att.
596 5176 702 5226 Prozess
715 5175 755 5226 ed.
769 5173 880 5242 Lipsius,
891 5189 915 5241 p.
927 5175 985 5224 utu.
