4622 5696
1071 299 1291 366 ...24-

333 494 509 575 ἀκουσλους
530 500 641 575 αλτίας
663 488 814 584 itanu.
860 501 960 564 λτοῦ
982 497 1020 565 δὲ
1042 499 1167 578 παιδός
1188 500 1255 570 ὑπό
1284 504 1342 590 τὴν
1374 507 1432 571 τοῦ
1455 502 1609 571 ἀκοντίου
1642 507 1751 592 φορὰν
1783 495 2037 592 ὑποδραμόντος

333 610 389 675 καλ
410 611 447 677 τό
472 613 568 697 σῶμα
590 611 838 697 προστήσαντος
860 605 879 676 ὅ
900 611 961 696 μὲν
983 612 1172 700 διεκωλύθη
1194 619 1254 680 τοῦ
1277 621 1405 682 σκοποῦ
1434 630 1557 698 τυχεῖν,
1592 615 1609 683 ό
1639 618 1676 683 δὲ
1709 617 1777 685 ὑπὸ
1810 621 1846 685 τὸ
1882 617 2035 686 ἀκόντιον

332 719 493 788 ὑπελθών
514 722 655 809 ἐβλήθη,
680 724 735 787 καὶ
758 724 818 810 τήν
839 726 953 790 αἰτίαν
975 725 1034 808 οὐχ
1056 723 1216 812 ἡμετέραν
1239 717 1343 794 αἶσαν
1366 730 1572 811 προσέβαλεν
1594 727 1683 815 ἡμῖν.
1730 735 1802 797 Nam
1835 739 1859 800 si
1888 748 2029 821 patronus

333 838 477 900 iudicibus
500 839 678 918 persuadere
701 839 731 900 iu
754 840 886 902 animum
910 840 1073 903 induxisset
1095 842 1188 905 lilium
1211 842 1290 904 nulla
1314 841 1487 904 temeritatis
1510 843 1681 923 suspicione
1697 849 1804 919 teneri,
1827 851 1882 914 bac
1902 870 1935 913 re
1950 852 2032 913 illum

333 969 435 1030 reapse
463 951 580 1012 caedem
611 969 735 1030 eamque
768 951 995 1016 involuntariam
1029 954 1211 1016 commisisse
1244 972 1440 1017 concessurus
1474 954 1573 1028 luerit,
1608 958 1670 1029 sed,
1706 967 1738 1018 ut
1772 977 1860 1039 supra
1896 964 2033 1035 vidimus,

334 1062 471 1124 defensor
494 1063 565 1125 nibil
588 1063 738 1144 antiquius
761 1064 871 1138 babuit,
895 1083 983 1144 quam
1008 1074 1040 1127 ut
1062 1065 1199 1128 iuvenem
1223 1085 1321 1148 neque
1344 1065 1536 1128 voluntariam
1555 1085 1652 1147 neque
1673 1067 1896 1132 involuntariam
1913 1075 2032 1136 caedem

331 1186 461 1256 patrasse
483 1175 651 1256 sophisticis
675 1177 787 1239 artibus
811 1177 1029 1238 demonstraret
1051 1179 1118 1256 (Ββ
1134 1177 1175 1258 9).
1222 1181 1318 1257 etque
1347 1176 1424 1240 aliud
1455 1178 1659 1240 firmissimum
1688 1192 1895 1260 argumentum
1925 1185 2033 1258 habeo,

333 1288 487 1351 Herulichii
511 1289 658 1352 sententia
680 1290 704 1352 si
728 1309 815 1370 quam
839 1290 969 1352 veritatis
996 1290 1126 1369 speciem
1157 1309 1226 1372 prae
1256 1311 1289 1354 se
1315 1292 1415 1364 ferret,
1446 1303 1479 1355 ut
1502 1291 1700 1353 temeritatem
1730 1295 1949 1357 adulescentulo
1978 1298 2032 1357 tri-

334 1399 482 1463 buendam
506 1421 572 1463 esse
594 1403 856 1476 demonstraretur,
879 1402 1025 1484 imprimis
1041 1403 1241 1466 necessarium
1266 1415 1336 1476 erat,
1353 1404 1407 1468 loci
1423 1414 1572 1478 naturam,
1596 1423 1655 1485 quo
1672 1405 1775 1467 caedes
1791 1417 1852 1468 erat
1867 1408 2032 1478 commissa,

333 1513 497 1576 accuratius
520 1513 664 1576 iudicibus
688 1515 844 1596 explanari,
879 1525 912 1577 ut
934 1515 980 1576 cui
1008 1516 1091 1596 culpa
1115 1516 1310 1596 impertienda
1338 1528 1416 1580 esset
1442 1519 1560 1597 integre
1589 1518 1753 1598 disceptare
1785 1527 1915 1599 possent.
1958 1519 2034 1581 llaec

334 1637 433 1688 autem
456 1645 504 1688 res
528 1626 652 1689 strictim
677 1628 883 1690 tantummodo
907 1635 936 1690 et
957 1628 1041 1707 quasi
1063 1628 1094 1689 in
1117 1637 1291 1690 transcursu
1315 1631 1444 1710 tangitur
1464 1631 1509 1692 his
1525 1630 1641 1692 uerbis:
1669 1632 1754 1709 Ββλ
1779 1631 1809 1692 εί
1831 1630 1891 1712 μὲν
1913 1627 1975 1710 γὰρ
1997 1629 2034 1693 τὸ

332 1734 486 1802 ἀκόντιον
509 1736 569 1811 ἔξω
584 1739 649 1802 τῶν
670 1732 756 1821 ὅρων
776 1740 833 1823 τῆς
854 1733 956 1814 αὐτοῦ
979 1742 1116 1821 πορείας
1138 1737 1196 1802 ἐπὶ
1218 1739 1277 1805 τόν
1297 1738 1408 1804 παῖδα
1431 1740 1603 1822 ἐξενεχθὲν
1625 1739 1766 1823 ἔτρωσεν
1789 1739 1905 1817 αὐτόν,
1922 1735 2033 1815 οδδελς

332 1843 817 1935 ημῖνλόγοςόπελιίπιτομὴ
841 1850 1080 1936 possessivus.
1124 1853 1318 1917 Testimoniie
1348 1857 1441 1918 allatis
1465 1857 1553 1920 buius
1580 1857 1661 1919 uocis
1690 1857 1795 1918 veritas
1827 1865 1856 1918 ct
1882 1853 2036 1934 integritas
2062 1903 2068 1916 .

334 1981 395 2026 nou
417 1964 563 2026 firmatur.
607 1963 760 2026 Praeterea
782 1965 805 2026 si
829 1983 863 2027 re
884 1983 951 2027 vera
976 1965 1010 2038 is,
1044 1966 1094 2046 qui
1118 1967 1299 2046 neglegentia
1323 1969 1442 2031 caedem
1467 1971 1601 2050 patravit,
1637 1969 1747 2032 maiore
1773 1987 1868 2050 poena
1900 1968 2036 2029 adiectus

334 2084 422 2149 esset,
444 2075 546 2156 quidni
569 2077 758 2157 paedotribae
780 2077 937 2140 maximam
960 2078 1058 2142 caedis
1080 2089 1194 2160 partem
1218 2079 1428 2162 imponendam
1453 2103 1519 2146 esse
1543 2090 1685 2165 patronus
1708 2101 1825 2144 summo
1847 2083 1947 2144 studio
1962 2099 2036 2142 con-

332 2187 469 2262 tenderit,
504 2189 582 2269 quod
607 2189 669 2251 eins
692 2190 859 2255 temeritate
888 2209 963 2272 puer
989 2210 1025 2253 eu
1051 2192 1220 2254 lactantium
1250 2193 1354 2256 ordine
1389 2196 1613 2276 praecurrisset,
1646 2205 1679 2258 ut
1713 2195 1806 2258 illius·
1823 2195 1905 2257 iussu
1942 2194 2033 2257 telum

331 2303 509 2384 adportaret,
530 2302 600 2364 dum
624 2303 696 2366 alter
718 2303 833 2366 iuvenis
854 2304 981 2367 iaculum
1005 2303 1169 2368 emitteret:
1203 2304 1291 2383 Byb
1318 2304 1353 2369 λυ
1380 2301 1486 2392 τούτῳ
1512 2309 1558 2387 τῷ
1592 2308 1697 2392 καιρῷ
1729 2303 1931 2389 καλούμενος
1964 2299 2032 2368 ἀπό

330 2413 390 2477 τοῦ
412 2409 675 2497 παιδοτρίβου’).
721 2415 778 2478 Sed
802 2435 981 2498 quamquam
1005 2427 1157 2482 aecusator
1179 2417 1242 2498 ipse
1264 2418 1335 2481 illud
1359 2420 1563 2498 gravissimum
1587 2432 1798 2500 argumentum
1826 2417 1948 2500 profert,
1974 2435 2035 2498 qno

467 2597 488 2660 1λ
505 2597 532 2649 lu
550 2598 599 2650 boe
618 2599 674 2650 λοοο
694 2614 779 2652 onnes
796 2597 851 2651 fere
869 2600 920 2652 viri
939 2600 1009 2652 docti
1027 2599 1192 2652 offenderunt
1229 2600 1341 2666 ignatius
1369 2611 1453 2654 monet
1477 2603 1626 2670 (hepid)
1649 2605 1712 2656 baec
1735 2603 1823 2666 verba,
1846 2603 1869 2653 si
1892 2601 1928 2653 ita
1954 2600 2035 2652 iuter·

332 2691 484 2752 punguntur,
504 2700 610 2751 prorsus
628 2685 775 2752 discrepare
793 2687 823 2737 ab
843 2687 889 2752 eis,
909 2700 972 2754 quae
991 2685 1056 2738 dicit
1073 2687 1246 2738 adversarius.
1281 2685 1305 2740 le
1324 2689 1390 2740 euim
1410 2690 1543 2756 contendit
1560 2689 1719 2742 defensorem
1738 2705 1832 2752 negare
1855 2694 1991 2754 utrumque
2009 2695 2035 2737 et

332 2771 412 2824 lilium
431 2771 507 2823 inisse
525 2771 659 2836 (petrolfen
679 2772 752 2836 habe)
771 2788 875 2838 puerum
894 2780 920 2824 st
937 2773 1114 2826 interfecisse:
1131 2775 1203 2842 Byb
1222 2761 1308 2842 οὗτος,
1328 2770 1360 2832 ἀς
1375 2769 1444 2844 μὴτε
1456 2778 1548 2841 βαλεῖν
1558 2767 1625 2844 μήτε
1643 2770 1806 2829 ἀποκτεῖναί
1816 2789 1885 2844 φησι
1897 2770 1927 2825 sb
1940 2763 2033 2844 μειρά-

332 2875 401 2924 κιον,
420 2859 529 2926 itemque
545 2859 590 2928 ys
607 2857 760 2928 μᾶλλονδὲ
778 2857 846 2914 ἑκὼν
863 2855 917 2912 οὔτ’
935 2857 1030 2927 ἔβαλεν
1048 2854 1103 2912 οὔτ’
1124 2854 1292 2916 ἀπέκτεινεν.
1327 2864 1472 2916 Accusator
1491 2863 1572 2929 igitur
1591 2879 1662 2915 reum
1680 2870 1707 2915 et
1724 2863 1802 2914 icisse
1826 2868 1852 2913 et
1874 2859 2033 2912 interfecisse

333 2946 503 3006 demonstrata
522 2961 594 3012 quam
613 2948 645 2996 ob
664 2962 716 2997 rern
736 2946 848 2998 blaseius
866 2945 968 3010 (iiheiu.
982 2945 1045 2998 hius.
1059 2947 1100 3013 tt,
1115 2964 1137 3015 p.
1155 2949 1212 3014 tut)
1230 2951 1364 3016 proposuit
1381 2950 1530 3001 lectionem:
1550 2947 1628 3016 ἔβαλε
1639 2948 1691 3019 μὲν
1703 2944 1801 3002 οὐδένα
1814 2945 1872 3001 οὐδ’
1886 2945 2032 2999 ἀπέκτεινε.

333 3029 499 3083 Mutationem
518 3032 690 3085 distinctionis
708 3031 820 3097 Isontius
839 3033 941 3084 adhibet
960 3033 1038 3086 nullis
1057 3033 1156 3086 litteris
1174 3034 1267 3086 laesia:
1293 3033 1371 3101 ἔβαλε
1392 3037 1443 3090 ιιὲν
1468 3030 1526 3099 ciis,
1551 3029 1693 3089 ἀπέκτεινε
1716 3035 1745 3090 δὲ
1768 3033 1877 3088 οὐδένα,
1913 3032 2034 3101 Equidem

335 3119 447 3170 oodleuur
466 3118 602 3170 leutioueru
620 3132 677 3168 esse
695 3119 845 3170 servandam
869 3134 975 3182 cenesca
994 3136 1049 3171 nam
1068 3127 1094 3171 et
1111 3122 1267 3173 arcusmorie
1286 3130 1314 3174 et
1332 3120 1477 3174 defensoris
1497 3123 1668 3174 ratiocinandi
1691 3124 1733 3174 uis
1752 3122 1923 3174 tautummodo
1943 3120 2035 3171 nititur

334 3205 480 3257 diserIurine
500 3205 635 3256 verborum
653 3199 760 3269 βάλλειν
778 3213 805 3257 et
823 3201 1002 3259 ἀποκτείνειν.
1038 3207 1066 3258 st
1085 3207 1111 3258 id
1130 3208 1251 3259 memoria
1269 3216 1392 3274 teusanus,
1411 3207 1486 3260 facile
1504 3217 1545 3261 est
1557 3210 1702 3274 intellectu,
1720 3225 1768 3276 quo
1783 3210 1855 3260 modo
1868 3209 1941 3259 locus
1955 3208 2035 3258 iuter-

334 3291 471 3358 pretaudus
489 3291 538 3352 sit,
558 3288 678 3342 defensor
695 3291 762 3342 euhu
780 3300 900 3344 securata
918 3293 987 3345 iuter
1006 3294 1122 3345 notiones
1141 3286 1251 3358 βάλλειν
1274 3303 1301 3348 et
1330 3291 1499 3350 ἀποκτείνειν
1523 3297 1693 3348 ιλλιιλοκειειι
1719 3293 1827 3361 βάλλειν
1854 3297 1884 3346 de
1907 3293 1957 3345 teli
1981 3293 2033 3342 ictu

333 3375 561 3440 dicitl=urerfenl¹
585 3379 729 3430 Accusator
740 3385 824 3431 autem
838 3388 968 3446 utramque
987 3380 1115 3431 notionem
1132 3382 1290 3448 permiscens
1302 3373 1411 3447 βόλλειν
1429 3383 1475 3433 sub
1487 3385 1575 3434 eaderu
1587 3381 1641 3434 fers
1657 3383 1761 3434 notione
1775 3389 1850 3449 atque
1864 3379 2035 3431 ἀποκτείνειν

333 3463 584 3533 σιοερελ(-λτοδ“εο,
603 3465 779 3531 νοτνοοδεο),
797 3472 827 3515 ut
845 3481 890 3517 sus
909 3467 966 3517 iure
984 3467 1068 3518 dicere
1086 3468 1212 3534 potuerit:
1230 3469 1301 3536 Βγλ
1321 3463 1386 3520 ἀλλά
1405 3472 1444 3527 τίς
1462 3465 1477 3520 ὁ
1495 3465 1586 3534 βαλών
1602 3468 1687 3532 durum
1706 3469 1811 3520 verbum
1830 3475 1914 3519 eutem
1926 3459 2036 3531 βάλλειν

334 3550 452 3606 absolute
470 3560 619 3618 usurpatum
637 3552 702 3619 apud
722 3553 856 3604 floruerunt
874 3567 973 3620 semper
990 3555 1141 3606 vulnerandi
1159 3555 1288 3607 notionem
1306 3555 1392 3622 habet,
1404 3555 1437 3607 cf.
1451 3557 1550 3608 Homer.
1565 3556 1604 3607 ed.
1617 3555 1692 3607 uuest
1712 3556 1743 3608 ad
1761 3552 1808 3606 0d.
1820 3552 1866 3618 λΧ,
1879 3553 1926 3616 553
1944 3550 2035 3615 Lebrs,

334 3642 365 3692 de
384 3639 527 3692 Aristarchi
545 3638 612 3692 stud.
629 3638 693 3690 hom.
712 3639 761 3702 (sd.
773 3637 815 3703 λλλ)
833 3655 857 3707 p.
871 3640 911 3693 51.
931 3641 1052 3692 Herodot.
1070 3638 1089 3705 f,
1102 3639 1143 3692 ta.

470 3727 491 3792 λ)
509 3725 651 3779 Occasione
670 3726 755 3778 oblata
773 3726 856 3777 losum
874 3727 1017 3779 accuratius
1036 3728 1171 3794 exquirere
1189 3728 1259 3793 licet,
1279 3728 1320 3778 eui
1338 3727 1529 3796 interpretando
1549 3727 1599 3778 viri
1618 3727 1688 3777 docti
1706 3741 1786 3792 usque
1809 3724 1906 3777 frustra
1933 3737 2034 3790 operam

335 3815 467 3866 dederuut.
503 3813 631 3882 Scriptum
651 3814 807 3866 invenimus:
830 3815 902 3882 Bye
924 3810 1010 3883 ὁμὲν
1030 3811 1136 3886 γὰρ’,ἔν
1157 3804 1244 3882 τούτῳ
1269 3812 1309 3883 spi
1331 3815 1417 3884 καιρῷ
1443 3803 1610 3883 καλούμενος
1636 3807 1692 3864 ἀπὸ
1720 3811 1768 3863 τοῦ
1796 3809 1977 3879 παιδοτρίβου
2003 3803 2036 3865 ὃς

332 3897 480 3968 ἀπεδέχετο
497 3901 556 3956 τοῖς
572 3897 741 3958 ἀκοντίζουσι
757 3896 791 3951 τά
810 3890 924 3951 ἀκόντια
941 3892 1127 3966 ἀναιρεῖσθαι,
1145 3899 1189 3954 διὰ
1207 3899 1257 3968 τὴν
1274 3902 1323 3953 τοῦ
1335 3895 1468 3966 ,βαλόντος
1484 3895 1638 3952 ἀκολασίαν
1655 3899 1835 3968 πολεμίοισι)
1852 3895 1949 3950 τούτου
1964 3899 2034 3965 βέλει

334 3977 502 4058 περιπεσών,
520 3980 599 4038 οὐδὲν
615 3987 654 4042 ελς
672 3979 759 4038 οὐδέν’
775 3979 914 4058 ἁμαρτόν,
933 3982 1038 4046 ἀθλίως
1056 3981 1205 4042 ἀπέθανεν.
1231 3985 1247 4040 ὁ
1266 3985 1298 4042 δὲ
1315 3987 1378 4056 περλ
1396 3984 1445 4040 τὸν
1469 3986 1518 4053 τῆς
1536 3981 1699 4058 ἀναιρέσεως
1719 3980 1816 4053 καιρὸν
1839 3978 2036 4052 πλημμελήσας

337 4066 370 4125 οὐ
382 4071 431 4124 τοῦ
443 4071 548 4124 σκοποῦ
560 4074 653 4140 τυχεῖν
662 4065 791 4138 ἐκωλύθη.
818 4073 947 4124 Frankios
959 4079 987 4124 et
997 4073 1111 4125 lllassius
1122 4075 1275 4125 infinitivum
1285 4070 1462 4146 ἀναιρεῖσθαι
1472 4072 1568 4136 delent,
1581 4074 1625 4123 sed
1637 4074 1702 4124 uude
1714 4073 1815 4123 verboru
1828 4071 1974 4140 provenerit
1984 4087 2033 4122 οοο

335 4165 451 4227 apparet,
468 4173 547 4226 neque
566 4159 641 4210 etiam
660 4158 686 4208 iu
705 4159 827 4210 antithesi
845 4158 995 4212 vocabulum
1009 4151 1173 4227 ἀναιρέσεως
1184 4167 1255 4211 τιτλε
1268 4159 1388 4224 intellegi
1407 4167 1499 4226 potest,
1518 4159 1541 4210 si
1559 4159 1703 4210 infinitivus
1717 4159 1742 4208 iu
1757 4159 1844 4224 priore
1858 4155 2035 4207 enuntiatione

336 4249 416 4298 deest.
452 4243 613 4298 hlaetsuerus
632 4245 729 4312 quidem
747 4246 825 4298 serbe
843 4245 938 4313 eeeipit
962 4247 993 4298 de
1011 4247 1119 4310 bomine,
1137 4245 1180 4312 qui
1198 4248 1251 4298 tele
1269 4246 1409 4312 colligendi
1433 4261 1521 4297 curam
1543 4247 1674 4312 suscipere
1695 4246 1771 4296 solet.
1806 4244 1870 4296 Num
1893 4244 2037 4311 putabimus

336 4331 511 4402 paedotribam
523 4332 571 4383 hoo
583 4347 687 4384 munere
698 4329 809 4384 fuuotuur
823 4335 898 4385 esset
923 4333 950 4386 C.
963 4331 1009 4384 Fr.
1023 4332 1180 4384 Hermaunus
1193 4331 1295 4397 (hehel.
1308 4335 1331 4384 d.
1344 4349 1382 4398 gr.
1397 4333 1465 4384 frisa
1481 4333 1574 4384 hitert.
1588 4330 1605 4399 ᾖ
1618 4331 1650 4383 36
1664 4331 1784 4394 anuto)
1797 4347 1843 4397 pro
1856 4328 2037 4401 παιδοτρίβου

335 4419 446 4473 coniecit
462 4417 655 4486 nurduyasyouia
673 4417 760 4471 obstat
775 4427 858 4472 autern
875 4419 934 4475 huic
952 4419 1115 4472 coniecturae
1133 4420 1205 4472 loeus
1224 4421 1378 4486 tetralopies
1397 4417 1451 4484 dt,
1472 4421 1514 4485 qui
1532 4419 1591 4470 huie
1616 4420 1749 4470 enuntiato
1772 4419 1919 4486 respondet:
1943 4415 2036 4486 εἰμὲν

335 4503 390 4560 ἀπὸ
409 4505 460 4559 τοῦ
476 4503 657 4577 παιδοτρίβου
675 4497 844 4574 καλούμενος
862 4497 1008 4577 διέτρεχεν,
1026 4501 1041 4558 o‘
1061 4503 1238 4573 παιδοτρίβης
1256 4501 1291 4558 ἀν
1308 4500 1474 4562 ἀποκτείνας
1491 4499 1579 4557 αὐτὸν
1596 4506 1645 4572 είη.
1681 4505 1759 4571 Quam
1782 4506 1813 4555 ub
1836 4520 1889 4556 rem
1908 4504 2033 4566 Starlism

337 4595 379 4662 qui
397 4593 534 4646 lleruuauui
551 4593 646 4645 librum
664 4591 739 4645 novis
757 4593 934 4646 additamentis
952 4593 1059 4645 adiectis
1078 4593 1168 4656 edidit,
1187 4592 1267 4645 verba
1285 4588 1317 4650 ὅς
1330 4631 1336 4644 .
1349 4631 1355 4644 .
1369 4630 1375 4643 .
1391 4631 1397 4644 .
1415 4586 1595 4664 ἀναιρεῖσθαι
1610 4608 1658 4641 uon
1681 4593 1713 4642 ud
1737 4590 1909 4658 paedotribam
1936 4592 1980 4642 sed
2003 4589 2031 4640 ad

337 4696 440 4749 puerum
459 4687 573 4733 necatum
593 4678 682 4732 refert.
709 4677 796 4745 Neque
808 4695 871 4732 vero
883 4687 959 4732 antea
971 4680 1002 4731 de
1013 4680 1062 4731 boo
1075 4680 1148 4747 pueri
1161 4681 1264 4743 negotio
1277 4679 1407 4747 quicquam
1420 4687 1639 4733 connumeratum
1653 4683 1701 4743 est,
1720 4692 1799 4744 neque
1813 4677 1890 4729 verha
1903 4677 2034 4744 sequeutia

338 4764 353 4819 ὁ
370 4766 400 4820 δέ
416 4770 480 4840 περλ
497 4764 545 4819 τὸν
562 4767 610 4833 τῆς
627 4760 791 4839 ἀναιρέσεως
803 4764 899 4835 καιρὸν
916 4761 1111 4836 πλημμελήσας
1127 4773 1212 4833 aptum
1230 4782 1332 4819 sensum
1351 4765 1481 4832 praebent.
1516 4766 1579 4818 λλιισ
1598 4765 1654 4816 λλλλι
1672 4764 1760 4816 verbis
1778 4765 1830 4816 tela
1849 4774 1967 4830 suscepta
1979 4779 2035 4816 esse

336 4855 500 4923 exprimitur,
518 4870 573 4906 cuna
593 4869 654 4921 puer
672 4852 794 4918 iaciebat3
814 4852 900 4904 verbis
920 4861 1003 4904 aute·
1022 4847 1053 4910 ὃς
1070 4848 1215 4920 ὑπεδέχετο
1297 4855 1439 4905 mandatum
1452 4852 1546 4902 nullum
1560 4851 1731 4903 contineatur.
1767 4851 1942 4904 Jernstedtius
1955 4851 2037 4915 igitur

338 4950 437 4994 textum
455 4941 480 4992 iu
499 4941 631 4993 codicibus
643 4941 765 4992 traditum
779 4939 864 5003 laesit,
882 4939 947 5006 quod
959 4947 1038 4991 totana
1051 4939 1182 5008 periodum
1195 4933 1226 4997 ὃς
1237 4977 1244 4992 .
1255 4978 1261 4992 .
1273 4978 1279 4992 .
1292 4935 1470 5013 ἀναιρεῖσθαι
1481 4939 1558 5002 delet,
1577 4945 1708 5005 praeterea
1722 4940 1801 4990 verbu
1812 4939 1860 5004 τῆς
1870 4933 2039 5008 ἀναιρέσεως

337 5035 492 5083 ecoutertu
527 5029 611 5082 eiecit
642 5027 696 5094 Qua
714 5027 746 5078 de
764 5027 866 5079 ratione
883 5027 975 5078 critice
993 5027 1122 5094 copiosius
1141 5025 1272 5080 disserere
1290 5028 1392 5091 longum
1410 5034 1458 5078 est
1493 5025 1597 5076 Rectim
1616 5026 1739 5088 coguovit
1756 5023 1868 5088 ignatius
1884 5023 2037 5089 (lapilli)

338 5118 442 5170 verbum
460 5112 609 5184 ὑπεδέχετο
628 5131 714 5182 parum
731 5124 789 5182 apte
809 5099 866 5167 esse¹
884 5115 987 5166 dictum.
1024 5112 1101 5180 Quam
1122 5113 1152 5164 ob
1172 5130 1224 5166 rem
1242 5115 1331 5181 lectio,
1358 5130 1429 5181 quam
1448 5113 1549 5164 codices
1567 5111 1696 5179 praebent,
1724 5119 1764 5163 est
1781 5111 1909 5176 mutanda,
1936 5111 2035 5178 quode
