4622 5696
1002 319 1220 386 -23..

260 498 291 562 in
318 498 401 562 bellis
428 497 558 562 accidere
586 499 697 573 solent,
725 506 777 563 aut
805 497 837 562 in
864 502 1060 581 expugnanda
1089 499 1134 563 vel
1163 498 1328 581 diripienda
1362 499 1436 564 arbe
1467 500 1625 565 occidisset
1653 491 1832 586 ἀγνοήσας,
1861 503 1891 567 id
1920 511 1967 568 nst

262 613 398 676 nesciam
422 629 483 674 non
505 613 621 675 hostem
645 613 727 675 illum
751 611 939 676 interiectum
963 611 1016 674 sed
1038 630 1132 676 unum
1156 612 1194 675 de
1215 613 1466 676 commilitonibus
1488 613 1550 676 suis
1573 633 1653 688 esse,
1682 616 1779 678 caedis
1809 625 1965 680 accusatas

262 745 294 788 se
315 723 514 789 involuntarie
542 743 663 788 necasse
691 724 821 800 obtinet3
849 726 900 788 sed
932 742 1177 808 unumquemque
1204 745 1288 800 eum,
1315 745 1406 807 qoem
1435 727 1549 790 bostem
1579 737 1679 808 putet,
1708 729 1844 792 consulto
1872 730 1967 793 inter-

261 840 368 903 fecisse
396 839 503 903 clarius
531 840 596 902 lnce
625 847 686 916 est;
719 840 777 902 buc
805 838 931 912 accedit,
965 839 1043 918 qnod
1072 839 1104 901 in
1131 838 1186 902 hae
1212 839 1284 918 legis
1311 840 1438 902 formula
1465 839 1588 902 verbum
1617 837 1707 904 ἄκων
1734 841 1824 904 deest.
1868 839 1968 922 Longe

264 952 347 1016 aliter
370 971 436 1015 sese
458 951 546 1015 habet
568 953 624 1027 lex,
647 970 734 1034 quam
758 951 834 1033 apud
858 950 1011 1016 Platonem
1035 951 1174 1033 scriptam
1198 952 1366 1016 invenimus
1383 955 1432 1030 (de
1447 955 1501 1031 leg.
1516 952 1564 1026 lx,
1580 971 1609 1034 p.
1623 951 1684 1016 865
1693 952 1744 1032 d):
1768 954 1799 1014 εἴ
1819 975 1870 1027 τις
1886 998 1893 1015 .
1908 1001 1916 1016 .
1934 998 1967 1017 ..

266 1062 376 1128 ἄνων.
393 1111 401 1126 .
417 1109 448 1126 ..
472 1057 648 1128 ἀπέκτεινέ
675 1084 752 1127 τινα
785 1062 900 1148 φίλων
931 1059 951 1146 ἢ
985 1061 1069 1126 κατὰ
1102 1061 1249 1144 πόλεμον
1282 1057 1440 1139 ὡσαύτως
1468 1065 1488 1150 ἢ
1515 1058 1598 1128 κατα
1629 1063 1776 1149 μελέτην·
1795 1063 1853 1148 τὴν
1886 1065 1970 1150 πρὸς

266 1175 412 1259 πόλεμον
433 1177 463 1240 id
485 1189 531 1239 est
555 1177 589 1252 is,
612 1176 664 1258 qui
686 1177 718 1238 in
749 1176 827 1239 bello
857 1177 917 1240 sive
946 1179 976 1241 in
1010 1176 1274 1242 exercitationibus
1302 1177 1413 1242 bellicis
1441 1199 1533 1242 unum
1564 1179 1599 1240 de
1627 1178 1877 1242 commilitonibus
1895 1175 1968 1242 'casu
2056 1219 2059 1228 ·
2101 1151 2103 1158 Ι

267 1291 394 1372 quodam
417 1291 528 1354 infelici
551 1289 719 1354 inconsulto
742 1285 857 1371 (ἄνων)
879 1291 1001 1365 occidit,
1028 1291 1113 1372 culpa
1141 1299 1231 1353 vacat
1277 1290 1355 1352 Nom
1386 1291 1466 1371 leges
1498 1309 1616 1373 quoqne
1643 1292 1680 1353 de
1708 1292 1969 1355 exercitationibus

263 1403 453 1485 gymnasticis
475 1412 504 1465 et
526 1404 563 1466 de
587 1403 700 1466 medico
730 1403 804 1465 latae
831 1404 896 1466 sine
924 1405 981 1467 ulla
1013 1403 1203 1467 dubitationis
1230 1403 1326 1484 specie
1354 1403 1389 1466 ad
1419 1399 1526 1486 φόνον
1552 1402 1685 1467 δίκαιον
1706 1405 1876 1468 referendae
1898 1405 1969 1480 sint,

265 1537 319 1598 pro
343 1525 425 1580 certo
447 1517 603 1580 adfirmare
625 1535 686 1580 non
709 1516 815 1592 ausim,
836 1535 903 1580 cum
928 1536 1026 1600 neque
1048 1517 1142 1581 ullum
1166 1517 1369 1579 testimonium
1393 1517 1430 1578 de
1453 1517 1507 1580 bac
1529 1537 1560 1580 re
1579 1526 1675 1580 exstet
1689 1534 1787 1599 neque
1803 1518 1968 1581 orationem

265 1631 356 1693 ullam
378 1630 536 1710 genuinam
560 1630 596 1692 de
618 1629 664 1693 bis
687 1630 782 1693 causis
805 1631 945 1710 babitans,
979 1649 1014 1693 ex
1038 1649 1094 1711 qua
1117 1629 1322 1692 firmissimum
1346 1638 1554 1710 argumentum
1578 1631 1723 1694 enucleari
1753 1631 1855 1712 possit,
1889 1641 1970 1694 aetas

266 1753 368 1807 nostra
391 1743 475 1804 ierat
519 1742 551 1804 Si
573 1751 671 1806 autem
694 1742 849 1806 llerrlichii
871 1743 1014 1806 iudicium
1038 1752 1118 1805 recto
1141 1743 1199 1805 talo
1222 1751 1327 1815 staret,
1357 1761 1413 1824 qua
1441 1760 1474 1804 re
1500 1753 1669 1806 commotus
1691 1743 1908 1807 Demosthenes
1932 1745 1963 1806 ln
2038 1827 2043 1840 Ι

266 1854 462 1920 Aristocraten
485 1873 547 1917 non
571 1855 660 1918 modo
682 1855 756 1918 baec
776 1857 851 1936 legis
881 1865 1036 1938 praecepta
1064 1875 1120 1918 una
1150 1874 1217 1918 cum
1240 1855 1319 1929 aliis,
1350 1873 1424 1936 quae
1446 1855 1511 1918 sine
1534 1854 1625 1919 dubio
1647 1855 1684 1918 ad
1707 1850 1814 1940 φόνον
1835 1854 1971 1919 δίκαιον

268 1969 432 2050 pertinent,
460 1969 692 2043 enumeraverit,
720 1969 822 2032 animo
851 1988 913 2032 non
941 1970 1140 2050 perciperem,
1168 1970 1218 2031 sed
1249 1968 1336 2031 etiarn
1364 1967 1465 2032 statim
1493 1987 1586 2049 pauca
1617 1967 1703 2032 verba
1732 1969 1858 2033 adiciens
1884 1969 1969 2033 aliam

268 2081 359 2160 legem
381 2081 524 2161 citaverit,
547 2099 635 2162 quarn
659 2091 689 2144 et
710 2079 802 2166 φόνῳ
825 2077 945 2168 δικαίῳ
968 2083 1161 2146 addicendam
1184 2102 1249 2146 esse
1271 2091 1301 2146 et
1325 2081 1487 2163 proximam
1510 2081 1607 2165 lapide
1630 2083 1751 2146 incisam
1779 2083 1872 2146 luisse
1894 2103 1970 2146 con-
2005 2105 2016 2128 ·

265 2193 369 2274 stat¹).
414 2195 511 2274 Atque
534 2212 601 2256 curn
625 2193 767 2258 Draconis
789 2195 866 2273 leges
889 2213 951 2258 non
974 2196 1077 2258 eadem
1105 2195 1150 2258 ria
1178 2206 1208 2259 et
1234 2195 1349 2258 ratione
1376 2213 1411 2256 ac
1432 2181 1564 2258 Platonis
1595 2195 1733 2259 collectae
1754 2196 1971 2277 dispositaeque

268 2307 339 2382 sint,
362 2325 465 2370 omnes
486 2306 644 2382 lormulas,
668 2306 777 2388 quibus
799 2326 868 2370 reus
890 2309 976 2389 culpa
1000 2309 1096 2370 caedis
1118 2307 1311 2382 liberabatur,
1341 2307 1376 2370 ad
1407 2300 1513 2391 φόνον
1533 2304 1668 2370 δίκαιον
1688 2307 1867 2389 pertinuisse
1888 2316 1969 2392 puto.

410 2419 511 2501 Usque
533 2419 569 2482 ad
592 2419 650 2483 boc
670 2427 789 2501 tempus
810 2437 925 2495 omnes,
948 2420 999 2501 qui
1022 2419 1129 2483 indicio
1153 2419 1249 2484 dttico
1272 2419 1402 2501 penitius
1425 2418 1633 2500 perspiciendo
1656 2419 1814 2500 diligenter
1843 2439 1964 2501 operam

272 2540 424 2602 naverunt,
447 2533 643 2595 Athenienses
665 2533 743 2596 iuter
770 2532 890 2596 caedem
919 2532 1146 2597 involuntariam
1175 2533 1342 2595 temeritate
1369 2550 1404 2594 ac
1437 2530 1571 2622 socordia
1605 2539 1748 2614 patratam
1784 2532 1971 2614 (lahrldssige

274 2642 407 2726 loteng)
429 2651 458 2706 el
478 2643 707 2709 involuntariam
723 2645 787 2708 sine
803 2645 889 2726 culpa
905 2649 1030 2727 quadarn
1047 2646 1234 2710 commissam
1250 2644 1363 2708 nullum
1379 2644 1537 2708 discrimen
1553 2645 1737 2726 stipulaviese
1752 2647 1971 2728 censuerunt’).

274 2756 372 2820 Norae
396 2757 549 2839 opiniones
573 2758 745 2841 nuperrime
770 2757 807 2821 ab
829 2759 993 2822 llerrlicbio
1020 2767 1176 2842 promptae
1208 2766 1289 2833 sunt,
1323 2758 1373 2840 qui
1407 2777 1444 2822 ex
1475 2760 1604 2822 secunda
1639 2757 1791 2839 tetralogia
1825 2778 1972 2842 apparere

270 2870 386 2932 disertis
409 2870 505 2933 verbis
528 2871 663 2934 adfirmat
685 2889 765 2946 eum,
787 2871 836 2953 qni
861 2872 950 2934 alium
966 2873 1090 2935 invitum
1106 2871 1172 2935 sine
1187 2872 1271 2956 culpa
1287 2870 1412 2952 quadam
1429 2878 1482 2934 ant
1495 2869 1665 2936 temeritate
1680 2871 1830 2948 occiderit,
1853 2873 1970 2936 minore

270 3001 367 3062 poena
390 3002 456 3046 esse
478 2984 636 3059 adlectum,
659 3003 747 3066 qnam
771 2984 818 3047 cni
840 2984 1041 3066 neglegentiae
1063 2984 1302 3048 criminationem
1318 2984 1529 3066 imponendam
1546 3003 1609 3047 esse
1626 2991 1759 3058 constet;
1783 3004 1842 3067 qno
1859 2986 1971 3050 facilius

270 3115 400 3179 eaquae
422 3097 544 3179 exposui
566 3097 666 3161 animo
689 3097 895 3179 perspiciatur,
931 3097 1026 3168 verba,
1062 3097 1169 3178 quibus
1192 3095 1374 3160 llerrlichiue
1396 3094 1574 3160 sententiam
1602 3113 1686 3158 suam
1714 3097 1886 3178 complexus
1915 3107 1970 3173 est,

270 3208 383 3272 adlerre
405 3210 490 3274 liceat
512 3210 543 3287 ll.
559 3229 584 3272 c
600 3229 630 3292 p.
646 3209 713 3289 ttp:
738 3209 856 3284 „balim
885 3209 990 3292 inquit,
1021 3209 1171 3289 dbrigens,
1194 3209 1258 3272 dal's
1281 3208 1329 3272 die
1351 3210 1557 3289 Ausobauung,
1581 3210 1655 3270 nach
1671 3210 1798 3273 welcher
1814 3210 1860 3272 die
1875 3211 1970 3273 Strale

270 3321 321 3384 des
344 3318 446 3406 φόνος
469 3310 632 3396 ἀκούσιος
653 3341 712 3385 von
734 3324 802 3386 dem
817 3323 1062 3386 llorhandensein
1085 3324 1168 3386 einer
1182 3322 1408 3403 Fabrlissiglreit
1430 3321 1484 3386 aul
1496 3322 1597 3384 Seiten
1620 3322 1672 3386 des
1687 3321 1812 3386 Thlters
1829 3321 1972 3402 abbangig

269 3435 405 3515 gemacht
427 3435 538 3510 wurde,
560 3439 633 3498 auelr
658 3436 716 3499 den
731 3437 882 3499 lltbenern
905 3435 988 3498 nicht
1010 3454 1082 3515 ganz
1104 3435 1199 3498 iremd
1224 3454 1293 3506 war,
1316 3434 1417 3498 lielern
1434 3435 1482 3497 die
1496 3419 1711 3516 iibnngsreden
1733 3435 1765 3499 in
1780 3437 1834 3499 der
1848 3435 1971 3498 zueiten

270 3547 440 3630 Tetralogie
461 3549 550 3612 einen
573 3549 656 3612 nicbt
678 3549 936 3614 nniuleressanten
953 3548 1092 3611 Βαναία*
1131 3547 1219 3621 Quod
1241 3548 1266 3610 si
1288 3548 1336 3610 cni
1359 3547 1457 3611 minus
1472 3547 1607 3628 placebit,
1630 3567 1685 3629 ego
1701 3566 1763 3611 non
1778 3549 1972 3612 vehementer

268 3661 450 3742 repugnabo.
492 3661 639 3742 Equidem
663 3662 881 3742 tetralogiarnm
905 3672 1057 3725 auctorem
1080 3679 1119 3723 ne
1141 3661 1255 3741 legibus
1279 3659 1398 3742 quidem
1421 3661 1525 3724 Atticis
1548 3661 1750 3725 usitatissimis
1772 3669 1823 3724 eut
1844 3661 1972 3725 iudiciali

269 3775 372 3838 ordine
393 3773 467 3836 satis
489 3775 637 3838 imbutum
660 3773 751 3838 luisse
772 3776 831 3838 iarn
854 3791 943 3857 sopra
968 3775 1188 3837 demonstrasse
1213 3773 1285 3837 mibi
1307 3773 1418 3854 videor,
1441 3773 1551 3837 nedum
1568 3794 1603 3837 ex
1619 3774 1676 3840 illis
1694 3775 1885 3839 oratiunculis
1901 3775 1971 3857 quid

270 3888 378 3950 sertim
401 3887 549 3950 enucleari
569 3889 671 3970 possit,
705 3889 784 3970 quod
808 3888 876 3951 alibi
897 3906 1045 3970 nusquam
1068 3887 1311 3969 deprehenditur.
1356 3887 1408 3950 llis
1437 3897 1537 3951 autem
1567 3888 1687 3952 omissis
1715 3890 1749 3963 si,
1784 3907 1859 3971 quae
1881 3889 1973 3952 llerr-

271 3999 375 4062 licbins
397 4017 453 4081 pro
467 4018 537 4061 vero
554 4001 718 4073 confirmat,
741 4001 902 4083 probabilia
920 4011 1031 4074 essent,
1054 4001 1200 4082 imprimis
1220 4018 1254 4062 ex
1270 3999 1435 4064 defensoris
1449 4000 1546 4064 verbis
1561 4003 1729 4064 necessario
1744 4011 1974 4083 cognosceretur

274 4129 396 4189 puerum
421 4111 543 4174 omnino
566 4115 709 4178 occidisse
731 4122 820 4196 alque
843 4113 882 4175 ob
905 4134 969 4177 eam
993 4132 1066 4188 rem,
1099 4115 1178 4196 quod
1202 4113 1354 4178 temeritas
1376 4113 1455 4176 nulla
1482 4122 1620 4188 exstaret,
1654 4125 1687 4178 ut
1713 4115 1828 4178 iuvenis
1858 4115 1973 4178 minore

275 4240 364 4302 poena
386 4225 570 4301 multaretur,
594 4247 610 4289 a
632 4236 758 4308 patrono
781 4227 934 4309 postulari.
979 4225 1081 4306 Neque
1103 4244 1171 4289 vero
1193 4225 1254 4288 ullo
1277 4227 1342 4288 loce
1365 4244 1464 4308 neque
1486 4228 1545 4290 ullo
1568 4227 1657 4290 verbo
1687 4227 1723 4290 ab
1750 4227 1895 4291 iudicibus
1917 4228 1974 4290 boe

273 4335 390 4414 petitur,
411 4339 462 4401 sed
485 4339 595 4421 ubique
616 4339 815 4404 intentissima
839 4357 908 4403 cura
931 4347 1074 4421 pomanus
1094 4339 1123 4401 id
1143 4340 1210 4418 agit,
1231 4350 1266 4402 ut
1280 4340 1394 4402 iuvenis
1410 4340 1535 4402 crimine
1550 4338 1729 4416 absolvatur,
1753 4341 1832 4421 quod
1848 4341 1974 4402 omnino

275 4465 335 4510 non
356 4447 403 4511 ille
423 4450 606 4516 interfecerit
627 4453 679 4516 sed
702 4453 877 4517 interiectus
900 4451 963 4536 ipse
986 4452 1032 4515 sui
1055 4453 1255 4535 interemptor
1277 4453 1437 4516 exstiterit:
1469 4451 1558 4534 Ββ3
1581 4449 1679 4534 ἔβαλε
1706 4456 1777 4538 μέν,
1805 4447 1863 4517 eds
1890 4447 1974 4516 cind-

271 4581 378 4625 κτεινε
398 4559 435 4626 dd
456 4559 575 4630 οὐδένα
603 4559 689 4628 κατά
712 4588 750 4644 rs
778 4563 837 4650 τὴν
868 4557 1032 4649 ἀλήθειαν
1060 4557 1106 4628 ὧν
1135 4561 1289 4648 ἔπραξεν,
1325 4559 1427 4629 ἄλλον
1453 4561 1533 4641 δἐῑς
1561 4561 1661 4632 αὑτὸν
1692 4559 1894 4650 ἁμαρτόντος
1927 4566 1975 4639 εἰς

405 4799 428 4866 ¹)
445 4801 604 4855 uenerator.
618 4799 712 4869 xxlll,
723 4800 740 4869 ᾖ
753 4803 793 4855 db.

403 4887 425 4950 ²)
442 4889 479 4941 lle
498 4890 637 4954 tetralogin
654 4890 763 4942 secunde
782 4889 844 4940 baec
863 4887 943 4939 verba
961 4884 1024 4938 lacit
1035 4885 1149 4939 blnaninx
1167 4885 1226 4948 (ule
1243 4894 1290 4940 att
1306 4887 1466 4940 beredsnmk.
1479 4885 1521 4953 1²,
1533 4903 1548 4955 p
1562 4887 1635 4952 ldllc
1653 4889 1723 4954 „ilar
1736 4889 1793 4942 bier
1807 4889 1973 4956 vorliegende

269 4971 325 5025 roll
339 4987 388 5025 nnn
400 4975 472 5027 wire
485 4979 548 5027 nacla
561 4979 679 5042 bentlger
691 4976 846 5040 soresmos
856 4975 994 5026 bliebstens
1007 4970 1159 5037 lnbrldssiga
1172 4973 1276 5041 'l’lltnng
1286 5012 1292 5026 .
1303 5012 1310 5025 .
1321 5013 1328 5026 .
1340 5013 1366 5026 ..
1385 4976 1487 5028 Ardere
1500 4975 1541 5026 bei
1555 4976 1609 5027 dena
1623 4975 1727 5028 cotilae
1741 4975 1850 5040 Redncr,
1863 4977 1975 5028 welcber

270 5059 343 5112 einen
362 5063 548 5128 unsebnldigen
568 5062 683 5116 Urbeber
702 5064 771 5116 nlcbt
790 5061 899 5126 lennt“;
924 5069 950 5112 et
968 5061 1001 5127 (p.
1017 5061 1075 5122 173)
1098 5059 1163 5125 „der
1180 5061 1277 5125 llagrlb'
1298 5079 1348 5113 von
1373 5060 1539 5114 milderndenr
1558 5059 1678 5115 Umstaad
1704 5063 1739 5116 ist
1763 5063 1887 5116 reeblllclr
1906 5061 1975 5114 nieht

269 5149 442 5200 vomuerant
