<?xml version="1.0" encoding="UTF-8"?>
<!DOCTYPE html PUBLIC "-//W3C//DTD XHTML 1.0 Transitional//EN"
    "http://www.w3.org/TR/xhtml1/DTD/xhtml1-transitional.dtd">
<html xmlns="http://www.w3.org/1999/xhtml" xml:lang="en" lang="en">
 <head>
  <title>
</title>
<meta http-equiv="Content-Type" content="text/html;charset=utf-8" />
  <meta name='ocr-system' content='tesseract 3.04.00' />
  <meta name='ocr-capabilities' content='ocr_page ocr_carea ocr_par ocr_line ocrx_word'/>
</head>
<body>
  <div class='ocr_page' id='page_1' title='image "./deantiphontiste00hausgoog_0027.png"; bbox 0 0 4622 5696; ppageno 0'>
   <div class='ocr_carea' id='block_1_1' title="bbox 1085 391 1303 454">
    <p class='ocr_par' dir='ltr' id='par_1_1' title="bbox 1085 391 1303 454">
     <span class='ocr_line' id='line_1_1' title="bbox 1085 391 1303 454; baseline 0.005 -15"><span class='ocrx_word' id='word_1_1' title='bbox 1085 391 1303 454; x_wconf 75' lang='lat'>..22-</span> 
     </span>
    </p>
   </div>
   <div class='ocr_carea' id='block_1_2' title="bbox 346 567 2059 4609">
    <p class='ocr_par' dir='ltr' id='par_1_2' title="bbox 346 567 2050 2566">
     <span class='ocr_line' id='line_1_2' title="bbox 346 567 2046 652; baseline 0.005 -24"><span class='ocrx_word' id='word_1_2' title='bbox 346 585 433 648; x_wconf 86' lang='lat' dir='ltr'><strong>quam</strong></span> <span class='ocrx_word' id='word_1_3' title='bbox 458 567 571 630; x_wconf 78' lang='lat' dir='ltr'><strong>ueritati</strong></span> <span class='ocrx_word' id='word_1_4' title='bbox 595 567 728 630; x_wconf 76' lang='lat' dir='ltr'>serviant</span> <span class='ocrx_word' id='word_1_5' title='bbox 749 579 779 632; x_wconf 93' lang='lat' dir='ltr'><strong>et</strong></span> <span class='ocrx_word' id='word_1_6' title='bbox 800 586 832 630; x_wconf 91' lang='lat' dir='ltr'><strong>re</strong></span> <span class='ocrx_word' id='word_1_7' title='bbox 856 587 922 630; x_wconf 90' lang='lat' dir='ltr'><strong>vera</strong></span> <span class='ocrx_word' id='word_1_8' title='bbox 946 587 1070 650; x_wconf 89' lang='lat' dir='ltr'><strong>puerum</strong></span> <span class='ocrx_word' id='word_1_9' title='bbox 1093 591 1126 632; x_wconf 88' lang='lat' dir='ltr'><strong>se</strong></span> <span class='ocrx_word' id='word_1_10' title='bbox 1148 571 1245 652; x_wconf 89' lang='lat' dir='ltr'><strong>ipsum</strong></span> <span class='ocrx_word' id='word_1_11' title='bbox 1268 570 1453 633; x_wconf 78' lang='lat' dir='ltr'><strong>interfecisse</strong></span> <span class='ocrx_word' id='word_1_12' title='bbox 1476 569 1623 651; x_wconf 76' lang='lat' dir='ltr'><strong>putent1l.</strong></span> <span class='ocrx_word' id='word_1_13' title='bbox 1661 571 1720 634; x_wconf 88' lang='lat' dir='ltr'><strong>Sed</strong></span> <span class='ocrx_word' id='word_1_14' title='bbox 1744 581 1895 636; x_wconf 85' lang='lat' dir='ltr'><strong>accusator</strong></span> <span class='ocrx_word' id='word_1_15' title='bbox 1917 572 2046 652; x_wconf 74' lang='lat' dir='ltr'><strong>argutias</strong></span> 
     </span>
     <span class='ocr_line' id='line_1_3' title="bbox 347 679 2045 767; baseline 0.004 -25"><span class='ocrx_word' id='word_1_16' title='bbox 347 689 376 742; x_wconf 88' lang='lat' dir='ltr'><strong>et</strong></span> <span class='ocrx_word' id='word_1_17' title='bbox 400 698 470 743; x_wconf 85' lang='lat' dir='ltr'><strong>vena</strong></span> <span class='ocrx_word' id='word_1_18' title='bbox 494 679 650 742; x_wconf 88' lang='lat' dir='ltr'><strong>verborum</strong></span> <span class='ocrx_word' id='word_1_19' title='bbox 674 679 849 742; x_wconf 81' lang='lat' dir='ltr'><strong>deverticula</strong></span> <span class='ocrx_word' id='word_1_20' title='bbox 871 681 913 742; x_wconf 92' lang='lat' dir='ltr'><strong>rei</strong></span> <span class='ocrx_word' id='word_1_21' title='bbox 939 700 999 744; x_wconf 94' lang='lat' dir='ltr'><strong>non</strong></span> <span class='ocrx_word' id='word_1_22' title='bbox 1023 682 1166 763; x_wconf 89' lang='lat' dir='ltr'><strong>detegens</strong></span> <span class='ocrx_word' id='word_1_23' title='bbox 1189 682 1287 744; x_wconf 90' lang='lat' dir='ltr'><strong>denuo</strong></span> <span class='ocrx_word' id='word_1_24' title='bbox 1311 682 1347 745; x_wconf 90' lang='lat' dir='ltr'><strong>ab</strong></span> <span class='ocrx_word' id='word_1_25' title='bbox 1370 681 1517 744; x_wconf 90' lang='lat' dir='ltr'><strong>iudicibus</strong></span> <span class='ocrx_word' id='word_1_26' title='bbox 1540 681 1664 760; x_wconf 86' lang='lat' dir='ltr'><strong>flagitat,</strong></span> <span class='ocrx_word' id='word_1_27' title='bbox 1692 693 1726 745; x_wconf 94' lang='lat' dir='ltr'><strong>ut</strong></span> <span class='ocrx_word' id='word_1_28' title='bbox 1754 685 1929 748; x_wconf 79' lang='lat' dir='ltr'><strong>adulescens</strong></span> <span class='ocrx_word' id='word_1_29' title='bbox 1950 705 2045 767; x_wconf 89' lang='lat' dir='ltr'><strong>poena</strong></span> 
     </span>
     <span class='ocr_line' id='line_1_4' title="bbox 346 791 2047 880; baseline 0.005 -28"><span class='ocrx_word' id='word_1_30' title='bbox 346 791 507 866; x_wconf 87' lang='lat' dir='ltr'><strong>adficiatur,</strong></span> <span class='ocrx_word' id='word_1_31' title='bbox 530 792 610 873; x_wconf 91' lang='lat' dir='ltr'><strong>quod</strong></span> <span class='ocrx_word' id='word_1_32' title='bbox 633 793 750 856; x_wconf 89' lang='lat' dir='ltr'><strong>caedem</strong></span> <span class='ocrx_word' id='word_1_33' title='bbox 775 792 1004 857; x_wconf 79' lang='lat' dir='ltr'>involuntariam</span> <span class='ocrx_word' id='word_1_34' title='bbox 1028 795 1186 876; x_wconf 85' lang='lat' dir='ltr'><strong>patraverit</strong></span> <span class='ocrx_word' id='word_1_35' title='bbox 1209 795 1273 873; x_wconf 76' lang='lat' dir='ltr'><strong>(By</strong></span> <span class='ocrx_word' id='word_1_36' title='bbox 1289 794 1329 872; x_wconf 82' lang='lat' dir='ltr'><strong>t).</strong></span> <span class='ocrx_word' id='word_1_37' title='bbox 1375 796 1408 857; x_wconf 92' lang='lat' dir='ltr'><strong>ln</strong></span> <span class='ocrx_word' id='word_1_38' title='bbox 1432 793 1604 856; x_wconf 90' lang='lat' dir='ltr'><strong>defensione</strong></span> <span class='ocrx_word' id='word_1_39' title='bbox 1625 793 1733 859; x_wconf 89' lang='lat' dir='ltr'><strong>iterum</strong></span> <span class='ocrx_word' id='word_1_40' title='bbox 1758 805 1902 879; x_wconf 83' lang='lat' dir='ltr'><strong>patronus</strong></span> <span class='ocrx_word' id='word_1_41' title='bbox 1924 799 2047 880; x_wconf 76' lang='lat' dir='ltr'>exponit</span> 
     </span>
     <span class='ocr_line' id='line_1_5' title="bbox 346 903 2046 989; baseline 0.005 -23"><span class='ocrx_word' id='word_1_42' title='bbox 346 913 547 966; x_wconf 79' lang='lat' dir='ltr'><strong>accusatorem</strong></span> <span class='ocrx_word' id='word_1_43' title='bbox 571 903 658 967; x_wconf 88' lang='lat' dir='ltr'><strong>verba</strong></span> <span class='ocrx_word' id='word_1_44' title='bbox 683 905 757 968; x_wconf 89' lang='lat' dir='ltr'><strong>male</strong></span> <span class='ocrx_word' id='word_1_45' title='bbox 779 905 1004 986; x_wconf 88' lang='lat' dir='ltr'><strong>interpretatum</strong></span> <span class='ocrx_word' id='word_1_46' title='bbox 1030 925 1103 978; x_wconf 89' lang='lat' dir='ltr'><strong>esse,</strong></span> <span class='ocrx_word' id='word_1_47' title='bbox 1127 924 1195 970; x_wconf 89' lang='lat' dir='ltr'><strong>uam</strong></span> <span class='ocrx_word' id='word_1_48' title='bbox 1219 925 1252 969; x_wconf 92' lang='lat' dir='ltr'><strong>se</strong></span> <span class='ocrx_word' id='word_1_49' title='bbox 1274 924 1332 969; x_wconf 93' lang='lat' dir='ltr'><strong>non</strong></span> <span class='ocrx_word' id='word_1_50' title='bbox 1356 906 1392 968; x_wconf 94' lang='lat' dir='ltr'><strong>ad</strong></span> <span class='ocrx_word' id='word_1_51' title='bbox 1416 906 1537 969; x_wconf 81' lang='lat' dir='ltr'><strong>terbum</strong></span> <span class='ocrx_word' id='word_1_52' title='bbox 1561 924 1746 970; x_wconf 80' lang='lat' dir='ltr'><strong>asseverasse</strong></span> <span class='ocrx_word' id='word_1_53' title='bbox 1768 927 1896 989; x_wconf 88' lang='lat' dir='ltr'><strong>puerum</strong></span> <span class='ocrx_word' id='word_1_54' title='bbox 1920 920 2046 974; x_wconf 85' lang='lat' dir='ltr'><strong>mortens</strong></span> 
     </span>
     <span class='ocr_line' id='line_1_6' title="bbox 347 1014 2048 1103; baseline 0.005 -24"><span class='ocrx_word' id='word_1_55' title='bbox 347 1017 544 1080; x_wconf 83' lang='lat' dir='ltr'><strong>uoluntariam</strong></span> <span class='ocrx_word' id='word_1_56' title='bbox 573 1015 682 1080; x_wconf 70' lang='lat' dir='ltr'><strong>obisse</strong></span> <span class='ocrx_word' id='word_1_57' title='bbox 708 1019 759 1080; x_wconf 90' lang='lat' dir='ltr'><strong>sed</strong></span> <span class='ocrx_word' id='word_1_58' title='bbox 787 1018 872 1099; x_wconf 90' lang='lat' dir='ltr'><strong>culpa</strong></span> <span class='ocrx_word' id='word_1_59' title='bbox 899 1026 1015 1082; x_wconf 91' lang='lat' dir='ltr'><strong>tautum</strong></span> <span class='ocrx_word' id='word_1_60' title='bbox 1044 1020 1137 1103; x_wconf 89' lang='lat' dir='ltr'><strong>ipsius</strong></span> <span class='ocrx_word' id='word_1_61' title='bbox 1165 1039 1232 1084; x_wconf 87' lang='lat' dir='ltr'><strong>esse</strong></span> <span class='ocrx_word' id='word_1_62' title='bbox 1254 1029 1407 1082; x_wconf 88' lang='lat' dir='ltr'><strong>necatum:</strong></span> <span class='ocrx_word' id='word_1_63' title='bbox 1446 1017 1502 1082; x_wconf 73' lang='lat' dir='ltr'><strong>di</strong></span> <span class='ocrx_word' id='word_1_64' title='bbox 1525 1014 1708 1098; x_wconf 75' lang='grc' dir='ltr'><strong><em>σχετλιάζει</em></strong></span> <span class='ocrx_word' id='word_1_65' title='bbox 1730 1016 1768 1084; x_wconf 76' lang='lat' dir='ltr'><strong>dd</strong></span> <span class='ocrx_word' id='word_1_66' title='bbox 1790 1021 1894 1095; x_wconf 74' lang='grc' dir='ltr'><strong><em>κακῶς</em></strong></span> <span class='ocrx_word' id='word_1_67' title='bbox 1916 1017 2048 1087; x_wconf 76' lang='grc' dir='ltr'><strong><em>ἀκούειν</em></strong></span> 
     </span>
     <span class='ocr_line' id='line_1_7' title="bbox 346 1125 2047 1218; baseline 0.004 -26"><span class='ocrx_word' id='word_1_68' title='bbox 346 1125 485 1214; x_wconf 78' lang='grc' dir='ltr'><strong><em>φάσκων</em></strong></span> <span class='ocrx_word' id='word_1_69' title='bbox 506 1129 565 1193; x_wconf 84' lang='grc' dir='ltr'><strong>τὸν</strong></span> <span class='ocrx_word' id='word_1_70' title='bbox 587 1127 709 1206; x_wconf 76' lang='grc' dir='ltr'><strong><em>παῖδα,</em></strong></span> <span class='ocrx_word' id='word_1_71' title='bbox 734 1130 765 1194; x_wconf 82' lang='grc' dir='ltr'><strong>εί</strong></span> <span class='ocrx_word' id='word_1_72' title='bbox 786 1127 867 1215; x_wconf 76' lang='grc' dir='ltr'><strong><em>μήτε</em></strong></span> <span class='ocrx_word' id='word_1_73' title='bbox 888 1127 1065 1208; x_wconf 73' lang='grc' dir='ltr'><strong><em>ἀκοντίσας</em></strong></span> <span class='ocrx_word' id='word_1_74' title='bbox 1087 1130 1159 1217; x_wconf 81' lang='grc' dir='ltr'><strong><em>μήτ’</em></strong></span> <span class='ocrx_word' id='word_1_75' title='bbox 1189 1128 1370 1218; x_wconf 73' lang='grc' dir='ltr'><strong><em>ἐπινοήσας</em></strong></span> <span class='ocrx_word' id='word_1_76' title='bbox 1392 1127 1556 1214; x_wconf 69' lang='grc' dir='ltr'><strong><em>αὐθέντης</em></strong></span> <span class='ocrx_word' id='word_1_77' title='bbox 1582 1127 1627 1196; x_wconf 77' lang='grc' dir='ltr'><strong><em>ἀν</em></strong></span> <span class='ocrx_word' id='word_1_78' title='bbox 1649 1125 1899 1209; x_wconf 81' lang='grc' dir='ltr'><strong><em>ἀποδείκνυται,</em></strong></span> <span class='ocrx_word' id='word_1_79' title='bbox 1930 1134 1986 1196; x_wconf 81' lang='grc' dir='ltr'><strong>καλ</strong></span> <span class='ocrx_word' id='word_1_80' title='bbox 2009 1130 2047 1198; x_wconf 87' lang='lat' dir='ltr'><strong>oc’</strong></span> 
     </span>
     <span class='ocr_line' id='line_1_8' title="bbox 347 1235 2046 1329; baseline 0.001 -23"><span class='ocrx_word' id='word_1_81' title='bbox 347 1239 430 1325; x_wconf 85' lang='grc' dir='ltr'><strong><em>πρὸς</em></strong></span> <span class='ocrx_word' id='word_1_82' title='bbox 455 1240 497 1304; x_wconf 85' lang='grc' dir='ltr'><strong><em>τὰ</em></strong></span> <span class='ocrx_word' id='word_1_83' title='bbox 527 1237 686 1324; x_wconf 77' lang='grc' dir='ltr'><strong><em>λεγόμενα</em></strong></span> <span class='ocrx_word' id='word_1_84' title='bbox 714 1235 946 1322; x_wconf 72' lang='grc' dir='ltr'><strong><em>ἀπολογεῖται.</em></strong></span> <span class='ocrx_word' id='word_1_85' title='bbox 985 1240 1023 1308; x_wconf 82' lang='lat' dir='ltr'><strong>oe&#39;</strong></span> <span class='ocrx_word' id='word_1_86' title='bbox 1051 1243 1113 1328; x_wconf 76' lang='grc' dir='ltr'><strong>γὰρ</strong></span> <span class='ocrx_word' id='word_1_87' title='bbox 1145 1240 1317 1310; x_wconf 88' lang='grc' dir='ltr'><strong><em>ἀκοντίσαι</em></strong></span> <span class='ocrx_word' id='word_1_88' title='bbox 1347 1241 1425 1310; x_wconf 77' lang='lat' dir='ltr'><strong>ccidi</strong></span> <span class='ocrx_word' id='word_1_89' title='bbox 1457 1242 1575 1326; x_wconf 76' lang='grc' dir='ltr'><strong><em>βαλεῐν</em></strong></span> <span class='ocrx_word' id='word_1_90' title='bbox 1597 1238 1698 1308; x_wconf 76' lang='grc' dir='ltr'><strong><em>αὐτόν</em></strong></span> <span class='ocrx_word' id='word_1_91' title='bbox 1724 1265 1812 1329; x_wconf 84' lang='grc' dir='ltr'><strong><em>φημι</em></strong></span> <span class='ocrx_word' id='word_1_92' title='bbox 1840 1243 1898 1309; x_wconf 80' lang='grc' dir='ltr'><strong>τόν</strong></span> <span class='ocrx_word' id='word_1_93' title='bbox 1926 1245 2046 1310; x_wconf 68' lang='grc' dir='ltr'><strong><em>παῖδα.</em></strong></span> 
     </span>
     <span class='ocr_line' id='line_1_9' title="bbox 346 1355 2046 1439; baseline 0.001 -20"><span class='ocrx_word' id='word_1_94' title='bbox 346 1355 452 1419; x_wconf 77' lang='lat' dir='ltr'><strong>StatIm</strong></span> <span class='ocrx_word' id='word_1_95' title='bbox 475 1365 573 1419; x_wconf 90' lang='lat' dir='ltr'><strong>autem</strong></span> <span class='ocrx_word' id='word_1_96' title='bbox 597 1375 701 1420; x_wconf 91' lang='lat' dir='ltr'><strong>rursus</strong></span> <span class='ocrx_word' id='word_1_97' title='bbox 723 1357 753 1420; x_wconf 92' lang='lat' dir='ltr'><strong>iu</strong></span> <span class='ocrx_word' id='word_1_98' title='bbox 778 1367 945 1420; x_wconf 88' lang='lat' dir='ltr'><strong>tortuosum</strong></span> <span class='ocrx_word' id='word_1_99' title='bbox 969 1357 1140 1439; x_wconf 88' lang='lat' dir='ltr'><strong>disputandi</strong></span> <span class='ocrx_word' id='word_1_100' title='bbox 1169 1376 1263 1438; x_wconf 91' lang='lat' dir='ltr'><strong>genus</strong></span> <span class='ocrx_word' id='word_1_101' title='bbox 1290 1358 1394 1422; x_wconf 80' lang='lat' dir='ltr'><strong>incidit</strong></span> <span class='ocrx_word' id='word_1_102' title='bbox 1421 1365 1451 1420; x_wconf 91' lang='lat' dir='ltr'><strong>et</strong></span> <span class='ocrx_word' id='word_1_103' title='bbox 1472 1365 1649 1438; x_wconf 88' lang='lat' dir='ltr'><strong>arguments</strong></span> <span class='ocrx_word' id='word_1_104' title='bbox 1672 1358 1793 1438; x_wconf 89' lang='lat' dir='ltr'><strong>argutiis</strong></span> <span class='ocrx_word' id='word_1_105' title='bbox 1816 1357 1900 1439; x_wconf 88' lang='lat' dir='ltr'><strong>plena</strong></span> <span class='ocrx_word' id='word_1_106' title='bbox 1923 1359 2046 1439; x_wconf 87' lang='lat' dir='ltr'><strong>profert,</strong></span> 
     </span>
     <span class='ocr_line' id='line_1_10' title="bbox 346 1463 2047 1554; baseline 0 -22"><span class='ocrx_word' id='word_1_107' title='bbox 346 1487 421 1550; x_wconf 87' lang='lat' dir='ltr'><strong>quae</strong></span> <span class='ocrx_word' id='word_1_108' title='bbox 444 1467 540 1531; x_wconf 80' lang='lat' dir='ltr'><strong>uerbis</strong></span> <span class='ocrx_word' id='word_1_109' title='bbox 565 1469 652 1532; x_wconf 90' lang='lat' dir='ltr'><strong>modo</strong></span> <span class='ocrx_word' id='word_1_110' title='bbox 676 1470 759 1532; x_wconf 90' lang='lat' dir='ltr'><strong>factis</strong></span> <span class='ocrx_word' id='word_1_111' title='bbox 781 1487 904 1552; x_wconf 88' lang='lat' dir='ltr'><strong>prorsus</strong></span> <span class='ocrx_word' id='word_1_112' title='bbox 927 1471 1073 1534; x_wconf 89' lang='lat' dir='ltr'><strong>contraria</strong></span> <span class='ocrx_word' id='word_1_113' title='bbox 1095 1471 1247 1536; x_wconf 84' lang='lat' dir='ltr'><strong>videntur:</strong></span> <span class='ocrx_word' id='word_1_114' title='bbox 1275 1466 1341 1534; x_wconf 80' lang='lat' dir='ltr'><strong>cinci</strong></span> <span class='ocrx_word' id='word_1_115' title='bbox 1363 1466 1422 1554; x_wconf 79' lang='grc' dir='ltr'><strong>την</strong></span> <span class='ocrx_word' id='word_1_116' title='bbox 1443 1466 1574 1554; x_wconf 76' lang='grc' dir='ltr'><strong><em>πληγὴν</em></strong></span> <span class='ocrx_word' id='word_1_117' title='bbox 1595 1469 1655 1534; x_wconf 83' lang='grc' dir='ltr'><strong><em>τοῦ</em></strong></span> <span class='ocrx_word' id='word_1_118' title='bbox 1677 1463 1832 1534; x_wconf 85' lang='grc' dir='ltr'><strong><em>ἀκοντίου</em></strong></span> <span class='ocrx_word' id='word_1_119' title='bbox 1855 1466 2047 1534; x_wconf 73' lang='grc' dir='ltr'><strong><em>ὑπελθόντα</em></strong></span> 
     </span>
     <span class='ocr_line' id='line_1_11' title="bbox 347 1573 2046 1666; baseline 0.001 -22"><span class='ocrx_word' id='word_1_120' title='bbox 347 1575 405 1660; x_wconf 77' lang='grc' dir='ltr'><strong>οὐχ</strong></span> <span class='ocrx_word' id='word_1_121' title='bbox 426 1573 493 1644; x_wconf 77' lang='grc' dir='ltr'><strong>ὑπὸ</strong></span> <span class='ocrx_word' id='word_1_122' title='bbox 516 1579 576 1644; x_wconf 82' lang='grc' dir='ltr'><strong><em>τοῦ</em></strong></span> <span class='ocrx_word' id='word_1_123' title='bbox 597 1582 771 1663; x_wconf 77' lang='grc' dir='ltr'><strong><em>μειρακίου</em></strong></span> <span class='ocrx_word' id='word_1_124' title='bbox 792 1579 866 1644; x_wconf 86' lang='grc' dir='ltr'><strong><em>ἀλλ’</em></strong></span> <span class='ocrx_word' id='word_1_125' title='bbox 890 1575 944 1660; x_wconf 79' lang='grc' dir='ltr'><strong>ἀφ’</strong></span> <span class='ocrx_word' id='word_1_126' title='bbox 966 1577 1085 1645; x_wconf 78' lang='grc' dir='ltr'><strong><em>ἑαυτοῦ</em></strong></span> <span class='ocrx_word' id='word_1_127' title='bbox 1105 1579 1353 1666; x_wconf 71' lang='grc' dir='ltr'><strong><em>διαφθαρῆναι,</em></strong></span> <span class='ocrx_word' id='word_1_128' title='bbox 1384 1582 1492 1664; x_wconf 79' lang='lat' dir='ltr'><strong>quilius</strong></span> <span class='ocrx_word' id='word_1_129' title='bbox 1522 1582 1554 1644; x_wconf 90' lang='lat' dir='ltr'><strong>iu</strong></span> <span class='ocrx_word' id='word_1_130' title='bbox 1582 1583 1756 1646; x_wconf 85' lang='lat' dir='ltr'><strong>universum</strong></span> <span class='ocrx_word' id='word_1_131' title='bbox 1779 1583 1881 1646; x_wconf 87' lang='lat' dir='ltr'><strong>eadem</strong></span> <span class='ocrx_word' id='word_1_132' title='bbox 1904 1583 2046 1646; x_wconf 87' lang='lat' dir='ltr'><strong>sententia</strong></span> 
     </span>
     <span class='ocr_line' id='line_1_12' title="bbox 349 1693 2049 1776; baseline 0.001 -20"><span class='ocrx_word' id='word_1_133' title='bbox 349 1693 533 1767; x_wconf 85' lang='lat' dir='ltr'><strong>continetur,</strong></span> <span class='ocrx_word' id='word_1_134' title='bbox 564 1712 638 1774; x_wconf 91' lang='lat' dir='ltr'><strong>quae</strong></span> <span class='ocrx_word' id='word_1_135' title='bbox 669 1694 749 1756; x_wconf 89' lang='lat' dir='ltr'><strong>iuest</strong></span> <span class='ocrx_word' id='word_1_136' title='bbox 769 1695 801 1757; x_wconf 92' lang='lat' dir='ltr'><strong>in</strong></span> <span class='ocrx_word' id='word_1_137' title='bbox 823 1695 954 1757; x_wconf 89' lang='lat' dir='ltr'><strong>oratione</strong></span> <span class='ocrx_word' id='word_1_138' title='bbox 977 1695 1104 1758; x_wconf 91' lang='lat' dir='ltr'><strong>secunda</strong></span> <span class='ocrx_word' id='word_1_139' title='bbox 1127 1696 1161 1776; x_wconf 79' lang='grc' dir='ltr'><strong>(β</strong></span> <span class='ocrx_word' id='word_1_140' title='bbox 1177 1697 1210 1766; x_wconf 83' lang='grc'><strong>5;</strong></span> <span class='ocrx_word' id='word_1_141' title='bbox 1234 1694 1281 1774; x_wconf 83' lang='grc'><strong>8),</strong></span> <span class='ocrx_word' id='word_1_142' title='bbox 1311 1712 1399 1776; x_wconf 90' lang='lat' dir='ltr'><strong>quam</strong></span> <span class='ocrx_word' id='word_1_143' title='bbox 1430 1695 1618 1759; x_wconf 82' lang='lat' dir='ltr'><strong>defensorem</strong></span> <span class='ocrx_word' id='word_1_144' title='bbox 1650 1696 1727 1758; x_wconf 90' lang='lat' dir='ltr'><strong>male</strong></span> <span class='ocrx_word' id='word_1_145' title='bbox 1748 1695 1927 1758; x_wconf 84' lang='lat' dir='ltr'><strong>intellexisse</strong></span> <span class='ocrx_word' id='word_1_146' title='bbox 1947 1703 2049 1758; x_wconf 89' lang='lat' dir='ltr'><strong>auctor</strong></span> 
     </span>
     <span class='ocr_line' id='line_1_13' title="bbox 347 1806 2048 1890; baseline 0 -22"><span class='ocrx_word' id='word_1_147' title='bbox 347 1807 507 1868; x_wconf 88' lang='lat' dir='ltr'><strong>contendit</strong></span> <span class='ocrx_word' id='word_1_148' title='bbox 553 1807 695 1886; x_wconf 87' lang='lat' dir='ltr'><strong>Equidem</strong></span> <span class='ocrx_word' id='word_1_149' title='bbox 718 1808 815 1870; x_wconf 86' lang='lat' dir='ltr'><strong>facere</strong></span> <span class='ocrx_word' id='word_1_150' title='bbox 838 1826 896 1870; x_wconf 92' lang='lat' dir='ltr'><strong>non</strong></span> <span class='ocrx_word' id='word_1_151' title='bbox 921 1826 1057 1888; x_wconf 85' lang='lat' dir='ltr'><strong>possum,</strong></span> <span class='ocrx_word' id='word_1_152' title='bbox 1088 1808 1161 1890; x_wconf 92' lang='lat' dir='ltr'><strong>quin</strong></span> <span class='ocrx_word' id='word_1_153' title='bbox 1187 1808 1218 1870; x_wconf 94' lang='lat' dir='ltr'><strong>in</strong></span> <span class='ocrx_word' id='word_1_154' title='bbox 1246 1816 1309 1872; x_wconf 88' lang='lat' dir='ltr'><strong>tota</strong></span> <span class='ocrx_word' id='word_1_155' title='bbox 1336 1809 1486 1888; x_wconf 88' lang='lat' dir='ltr'><strong>tetralogia</strong></span> <span class='ocrx_word' id='word_1_156' title='bbox 1518 1807 1683 1889; x_wconf 89' lang='lat' dir='ltr'><strong>decipiendi</strong></span> <span class='ocrx_word' id='word_1_157' title='bbox 1705 1807 1838 1870; x_wconf 89' lang='lat' dir='ltr'><strong>studium</strong></span> <span class='ocrx_word' id='word_1_158' title='bbox 1861 1806 2048 1888; x_wconf 80' lang='lat' dir='ltr'><strong>perspiciam,</strong></span> 
     </span>
     <span class='ocr_line' id='line_1_14' title="bbox 347 1919 2050 2001; baseline -0.001 -20"><span class='ocrx_word' id='word_1_159' title='bbox 347 1937 416 1981; x_wconf 91' lang='lat' dir='ltr'><strong>nam</strong></span> <span class='ocrx_word' id='word_1_160' title='bbox 439 1921 474 1981; x_wconf 86' lang='lat' dir='ltr'><strong>ad</strong></span> <span class='ocrx_word' id='word_1_161' title='bbox 498 1928 557 1981; x_wconf 90' lang='lat' dir='ltr'><strong>tam</strong></span> <span class='ocrx_word' id='word_1_162' title='bbox 580 1938 670 1982; x_wconf 87' lang='lat' dir='ltr'><strong>vanas</strong></span> <span class='ocrx_word' id='word_1_163' title='bbox 694 1920 848 1983; x_wconf 80' lang='lat' dir='ltr'><strong>ucuborum</strong></span> <span class='ocrx_word' id='word_1_164' title='bbox 872 1920 1051 1984; x_wconf 83' lang='lat' dir='ltr'><strong>deflexiones</strong></span> <span class='ocrx_word' id='word_1_165' title='bbox 1075 1930 1105 1983; x_wconf 89' lang='lat' dir='ltr'><strong>et</strong></span> <span class='ocrx_word' id='word_1_166' title='bbox 1127 1921 1231 1983; x_wconf 88' lang='lat' dir='ltr'><strong>inanes</strong></span> <span class='ocrx_word' id='word_1_167' title='bbox 1254 1922 1469 1984; x_wconf 87' lang='lat' dir='ltr'><strong>sententiarum</strong></span> <span class='ocrx_word' id='word_1_168' title='bbox 1492 1921 1619 2001; x_wconf 79' lang='lat' dir='ltr'><strong>argutias</strong></span> <span class='ocrx_word' id='word_1_169' title='bbox 1642 1928 1744 1984; x_wconf 87' lang='lat' dir='ltr'><strong>auctor</strong></span> <span class='ocrx_word' id='word_1_170' title='bbox 1765 1919 1904 2001; x_wconf 88' lang='lat' dir='ltr'><strong>delapsus</strong></span> <span class='ocrx_word' id='word_1_171' title='bbox 1927 1927 1986 1991; x_wconf 89' lang='lat' dir='ltr'><strong>est,</strong></span> <span class='ocrx_word' id='word_1_172' title='bbox 2016 1927 2050 1981; x_wconf 94' lang='lat' dir='ltr'><strong>ut</strong></span> 
     </span>
     <span class='ocr_line' id='line_1_15' title="bbox 348 2030 2050 2116; baseline 0.001 -24"><span class='ocrx_word' id='word_1_173' title='bbox 348 2030 412 2093; x_wconf 86' lang='lat' dir='ltr'><strong>iure</strong></span> <span class='ocrx_word' id='word_1_174' title='bbox 443 2031 606 2112; x_wconf 91' lang='lat' dir='ltr'><strong>meritoque</strong></span> <span class='ocrx_word' id='word_1_175' title='bbox 634 2033 839 2115; x_wconf 88' lang='lat' dir='ltr'><strong>unusquisque</strong></span> <span class='ocrx_word' id='word_1_176' title='bbox 867 2034 1017 2115; x_wconf 82' lang='lat' dir='ltr'><strong>ingenium</strong></span> <span class='ocrx_word' id='word_1_177' title='bbox 1047 2033 1175 2096; x_wconf 87' lang='lat' dir='ltr'><strong>auctoris</strong></span> <span class='ocrx_word' id='word_1_178' title='bbox 1204 2051 1360 2114; x_wconf 89' lang='lat' dir='ltr'><strong>moresque</strong></span> <span class='ocrx_word' id='word_1_179' title='bbox 1387 2043 1538 2116; x_wconf 90' lang='lat' dir='ltr'><strong>tamquam</strong></span> <span class='ocrx_word' id='word_1_180' title='bbox 1565 2051 1730 2114; x_wconf 89' lang='lat' dir='ltr'><strong>propensos</strong></span> <span class='ocrx_word' id='word_1_181' title='bbox 1757 2033 1793 2095; x_wconf 88' lang='lat' dir='ltr'><strong>od</strong></span> <span class='ocrx_word' id='word_1_182' title='bbox 1815 2031 1942 2095; x_wconf 75' lang='lat' dir='ltr'><strong>fallacias</strong></span> <span class='ocrx_word' id='word_1_183' title='bbox 1965 2049 2050 2094; x_wconf 85' lang='lat' dir='ltr'><strong>erer-</strong></span> 
     </span>
     <span class='ocr_line' id='line_1_16' title="bbox 347 2141 2048 2230; baseline 0 -24"><span class='ocrx_word' id='word_1_184' title='bbox 347 2145 457 2208; x_wconf 88' lang='lat' dir='ltr'><strong>cendas</strong></span> <span class='ocrx_word' id='word_1_185' title='bbox 484 2144 639 2226; x_wconf 90' lang='lat' dir='ltr'><strong>obiurgare</strong></span> <span class='ocrx_word' id='word_1_186' title='bbox 668 2146 781 2210; x_wconf 89' lang='lat' dir='ltr'><strong>debeat.</strong></span> <span class='ocrx_word' id='word_1_187' title='bbox 830 2148 1014 2230; x_wconf 82' lang='lat' dir='ltr'><strong>Quamquam</strong></span> <span class='ocrx_word' id='word_1_188' title='bbox 1044 2148 1149 2211; x_wconf 82' lang='lat' dir='ltr'><strong>auxilia</strong></span> <span class='ocrx_word' id='word_1_189' title='bbox 1177 2147 1213 2209; x_wconf 91' lang='lat' dir='ltr'><strong>ad</strong></span> <span class='ocrx_word' id='word_1_190' title='bbox 1241 2147 1408 2228; x_wconf 89' lang='lat' dir='ltr'><strong>augendam</strong></span> <span class='ocrx_word' id='word_1_191' title='bbox 1437 2146 1629 2210; x_wconf 70' lang='lat' dir='ltr'><strong>refundendi</strong></span> <span class='ocrx_word' id='word_1_192' title='bbox 1659 2145 1716 2208; x_wconf 84' lang='lat' dir='ltr'><strong>vim</strong></span> <span class='ocrx_word' id='word_1_193' title='bbox 1748 2144 1785 2207; x_wconf 92' lang='lat' dir='ltr'><strong>ab</strong></span> <span class='ocrx_word' id='word_1_194' title='bbox 1813 2154 1875 2207; x_wconf 89' lang='lat' dir='ltr'><strong>arte</strong></span> <span class='ocrx_word' id='word_1_195' title='bbox 1896 2141 2048 2207; x_wconf 86' lang='lat' dir='ltr'><strong>&#39;rhetorica</strong></span> 
     </span>
     <span class='ocr_line' id='line_1_17' title="bbox 349 2257 2049 2342; baseline -0.001 -24"><span class='ocrx_word' id='word_1_196' title='bbox 349 2257 440 2337; x_wconf 84' lang='lat' dir='ltr'><strong>petita</strong></span> <span class='ocrx_word' id='word_1_197' title='bbox 470 2257 558 2320; x_wconf 90' lang='lat' dir='ltr'><strong>etiam</strong></span> <span class='ocrx_word' id='word_1_198' title='bbox 586 2259 615 2320; x_wconf 91' lang='lat' dir='ltr'><strong>in</strong></span> <span class='ocrx_word' id='word_1_199' title='bbox 642 2259 831 2324; x_wconf 84' lang='lat' dir='ltr'><strong>orationibus</strong></span> <span class='ocrx_word' id='word_1_200' title='bbox 859 2261 1045 2324; x_wconf 87' lang='lat' dir='ltr'><strong>iudicialibus</strong></span> <span class='ocrx_word' id='word_1_201' title='bbox 1072 2259 1216 2342; x_wconf 88' lang='lat' dir='ltr'><strong>permissa</strong></span> <span class='ocrx_word' id='word_1_202' title='bbox 1247 2269 1331 2332; x_wconf 92' lang='lat' dir='ltr'><strong>suut,</strong></span> <span class='ocrx_word' id='word_1_203' title='bbox 1359 2278 1447 2341; x_wconf 89' lang='lat' dir='ltr'><strong>quam</strong></span> <span class='ocrx_word' id='word_1_204' title='bbox 1478 2279 1510 2322; x_wconf 87' lang='lat' dir='ltr'><strong>es</strong></span> <span class='ocrx_word' id='word_1_205' title='bbox 1541 2259 1629 2322; x_wconf 85' lang='lat' dir='ltr'><strong>alters</strong></span> <span class='ocrx_word' id='word_1_206' title='bbox 1656 2257 1741 2338; x_wconf 89' lang='lat' dir='ltr'><strong>quasi</strong></span> <span class='ocrx_word' id='word_1_207' title='bbox 1763 2265 1846 2338; x_wconf 89' lang='lat' dir='ltr'><strong>parte</strong></span> <span class='ocrx_word' id='word_1_208' title='bbox 1868 2257 2049 2338; x_wconf 89' lang='lat' dir='ltr'><strong>respondere</strong></span> 
     </span>
     <span class='ocr_line' id='line_1_18' title="bbox 349 2369 2048 2455; baseline 0 -23"><span class='ocrx_word' id='word_1_209' title='bbox 349 2370 535 2450; x_wconf 81' lang='lat' dir='ltr'><strong>eloquentiae</strong></span> <span class='ocrx_word' id='word_1_210' title='bbox 558 2371 726 2434; x_wconf 79' lang='lat' dir='ltr'><strong>Aristoteles</strong></span> <span class='ocrx_word' id='word_1_211' title='bbox 750 2373 883 2446; x_wconf 83' lang='lat' dir='ltr'><strong>(Rhetor.</strong></span> <span class='ocrx_word' id='word_1_212' title='bbox 900 2373 920 2447; x_wconf 90' lang='lat' dir='ltr'><strong>l,</strong></span> <span class='ocrx_word' id='word_1_213' title='bbox 940 2372 971 2455; x_wconf 87' lang='lat' dir='ltr'><strong>l)</strong></span> <span class='ocrx_word' id='word_1_214' title='bbox 994 2373 1109 2447; x_wconf 84' lang='lat' dir='ltr'><strong>docuit,</strong></span> <span class='ocrx_word' id='word_1_215' title='bbox 1140 2382 1239 2436; x_wconf 67' lang='lat' dir='ltr'><strong>nmen</strong></span> <span class='ocrx_word' id='word_1_216' title='bbox 1261 2372 1453 2435; x_wconf 83' lang='lat' dir='ltr'><strong>vehementer</strong></span> <span class='ocrx_word' id='word_1_217' title='bbox 1475 2371 1511 2434; x_wconf 85' lang='lat' dir='ltr'><strong>ab</strong></span> <span class='ocrx_word' id='word_1_218' title='bbox 1534 2371 1576 2434; x_wconf 90' lang='lat' dir='ltr'><strong>eis</strong></span> <span class='ocrx_word' id='word_1_219' title='bbox 1605 2370 1791 2452; x_wconf 86' lang='lat' dir='ltr'><strong>discrepant,</strong></span> <span class='ocrx_word' id='word_1_220' title='bbox 1821 2388 1897 2451; x_wconf 89' lang='lat' dir='ltr'><strong>qnae</strong></span> <span class='ocrx_word' id='word_1_221' title='bbox 1918 2369 2048 2450; x_wconf 81' lang='lat' dir='ltr'><strong>lintiplro</strong></span> 
     </span>
     <span class='ocr_line' id='line_1_19' title="bbox 349 2482 1752 2566; baseline -0.001 -21"><span class='ocrx_word' id='word_1_222' title='bbox 349 2483 379 2545; x_wconf 93' lang='lat' dir='ltr'><strong>in</strong></span> <span class='ocrx_word' id='word_1_223' title='bbox 401 2483 538 2563; x_wconf 78' lang='lat' dir='ltr'><strong>genuinis</strong></span> <span class='ocrx_word' id='word_1_224' title='bbox 561 2484 744 2548; x_wconf 86' lang='lat' dir='ltr'><strong>orationibus</strong></span> <span class='ocrx_word' id='word_1_225' title='bbox 767 2484 931 2560; x_wconf 80' lang='lat' dir='ltr'><strong>adhibuit¹i</strong></span> <span class='ocrx_word' id='word_1_226' title='bbox 956 2494 986 2548; x_wconf 91' lang='lat' dir='ltr'><strong>et</strong></span> <span class='ocrx_word' id='word_1_227' title='bbox 1007 2483 1100 2566; x_wconf 86' lang='lat' dir='ltr'><strong>proba</strong></span> <span class='ocrx_word' id='word_1_228' title='bbox 1123 2485 1308 2565; x_wconf 90' lang='lat' dir='ltr'><strong>honestaque</strong></span> <span class='ocrx_word' id='word_1_229' title='bbox 1330 2494 1552 2565; x_wconf 89' lang='lat' dir='ltr'><strong>proposuerunt</strong></span> <span class='ocrx_word' id='word_1_230' title='bbox 1574 2482 1752 2564; x_wconf 86' lang='lat' dir='ltr'><strong>philosophi.</strong></span> 
     </span>
    </p>

    <p class='ocr_par' dir='ltr' id='par_1_3' title="bbox 349 2596 2059 4609">
     <span class='ocr_line' id='line_1_20' title="bbox 493 2596 2050 2678; baseline -0.001 -21"><span class='ocrx_word' id='word_1_231' title='bbox 493 2596 669 2678; x_wconf 85' lang='lat' dir='ltr'><strong>Priusquam</strong></span> <span class='ocrx_word' id='word_1_232' title='bbox 697 2606 796 2661; x_wconf 87' lang='lat' dir='ltr'><strong>autem</strong></span> <span class='ocrx_word' id='word_1_233' title='bbox 826 2597 901 2661; x_wconf 85' lang='lat' dir='ltr'><strong>hene</strong></span> <span class='ocrx_word' id='word_1_234' title='bbox 930 2598 1081 2661; x_wconf 80' lang='lat' dir='ltr'><strong>materiam</strong></span> <span class='ocrx_word' id='word_1_235' title='bbox 1110 2597 1229 2660; x_wconf 87' lang='lat' dir='ltr'><strong>missam</strong></span> <span class='ocrx_word' id='word_1_236' title='bbox 1264 2596 1404 2658; x_wconf 88' lang='lat' dir='ltr'><strong>faciamus</strong></span> <span class='ocrx_word' id='word_1_237' title='bbox 1431 2605 1461 2658; x_wconf 92' lang='lat' dir='ltr'><strong>et</strong></span> <span class='ocrx_word' id='word_1_238' title='bbox 1491 2596 1527 2658; x_wconf 87' lang='lat' dir='ltr'><strong>ad</strong></span> <span class='ocrx_word' id='word_1_239' title='bbox 1555 2615 1647 2660; x_wconf 88' lang='lat' dir='ltr'><strong>noros</strong></span> <span class='ocrx_word' id='word_1_240' title='bbox 1673 2613 1721 2660; x_wconf 88' lang='lat' dir='ltr'><strong>res</strong></span> <span class='ocrx_word' id='word_1_241' title='bbox 1751 2614 1807 2659; x_wconf 90' lang='lat' dir='ltr'><strong>nos</strong></span> <span class='ocrx_word' id='word_1_242' title='bbox 1834 2604 2050 2664; x_wconf 72' lang='lat' dir='ltr'><strong>consonamus,</strong></span> 
     </span>
     <span class='ocr_line' id='line_1_21' title="bbox 350 2707 2052 2791; baseline 0.001 -23"><span class='ocrx_word' id='word_1_243' title='bbox 350 2709 500 2771; x_wconf 87' lang='lat' dir='ltr'><strong>occasione</strong></span> <span class='ocrx_word' id='word_1_244' title='bbox 522 2709 619 2774; x_wconf 87' lang='lat' dir='ltr'><strong>oblata</strong></span> <span class='ocrx_word' id='word_1_245' title='bbox 642 2710 727 2772; x_wconf 88' lang='lat' dir='ltr'><strong>liceat</strong></span> <span class='ocrx_word' id='word_1_246' title='bbox 748 2711 913 2774; x_wconf 87' lang='lat' dir='ltr'><strong>accuratius</strong></span> <span class='ocrx_word' id='word_1_247' title='bbox 936 2710 1123 2774; x_wconf 85' lang='lat' dir='ltr'><strong>considerare</strong></span> <span class='ocrx_word' id='word_1_248' title='bbox 1146 2708 1332 2790; x_wconf 87' lang='lat' dir='ltr'><strong>opinionem,</strong></span> <span class='ocrx_word' id='word_1_249' title='bbox 1364 2727 1453 2790; x_wconf 88' lang='lat' dir='ltr'><strong>quam</strong></span> <span class='ocrx_word' id='word_1_250' title='bbox 1477 2709 1693 2790; x_wconf 67' lang='lat' dir='ltr'><strong>flerrliclsiusf)</strong></span> <span class='ocrx_word' id='word_1_251' title='bbox 1715 2726 1813 2791; x_wconf 88' lang='lat' dir='ltr'><strong>nuper</strong></span> <span class='ocrx_word' id='word_1_252' title='bbox 1835 2709 1871 2772; x_wconf 92' lang='lat' dir='ltr'><strong>de</strong></span> <span class='ocrx_word' id='word_1_253' title='bbox 1894 2707 1981 2770; x_wconf 85' lang='lat' dir='ltr'><strong>caede</strong></span> <span class='ocrx_word' id='word_1_254' title='bbox 2004 2709 2052 2770; x_wconf 92' lang='lat' dir='ltr'><strong>in·</strong></span> 
     </span>
     <span class='ocr_line' id='line_1_22' title="bbox 350 2820 2051 2906; baseline -0.001 -22"><span class='ocrx_word' id='word_1_255' title='bbox 350 2822 514 2885; x_wconf 86' lang='lat' dir='ltr'><strong>voluntaria</strong></span> <span class='ocrx_word' id='word_1_256' title='bbox 540 2823 684 2904; x_wconf 88' lang='lat' dir='ltr'><strong>esposuit.</strong></span> <span class='ocrx_word' id='word_1_257' title='bbox 735 2824 785 2888; x_wconf 88' lang='lat' dir='ltr'><strong>llle</strong></span> <span class='ocrx_word' id='word_1_258' title='bbox 812 2824 905 2896; x_wconf 86' lang='lat' dir='ltr'><strong>enlm,</strong></span> <span class='ocrx_word' id='word_1_259' title='bbox 940 2823 965 2887; x_wconf 91' lang='lat' dir='ltr'><strong>si</strong></span> <span class='ocrx_word' id='word_1_260' title='bbox 999 2824 1066 2906; x_wconf 89' lang='lat' dir='ltr'><strong>quis</strong></span> <span class='ocrx_word' id='word_1_261' title='bbox 1098 2823 1187 2885; x_wconf 90' lang='lat' dir='ltr'><strong>alium</strong></span> <span class='ocrx_word' id='word_1_262' title='bbox 1221 2821 1252 2884; x_wconf 90' lang='lat' dir='ltr'><strong>in</strong></span> <span class='ocrx_word' id='word_1_263' title='bbox 1281 2821 1423 2904; x_wconf 88' lang='lat' dir='ltr'><strong>palaestra</strong></span> <span class='ocrx_word' id='word_1_264' title='bbox 1451 2821 1513 2884; x_wconf 86' lang='lat' dir='ltr'><strong>sire</strong></span> <span class='ocrx_word' id='word_1_265' title='bbox 1541 2822 1570 2884; x_wconf 89' lang='lat' dir='ltr'><strong>iu</strong></span> <span class='ocrx_word' id='word_1_266' title='bbox 1602 2823 1679 2887; x_wconf 88' lang='lat' dir='ltr'><strong>bello</strong></span> <span class='ocrx_word' id='word_1_267' title='bbox 1710 2841 1770 2885; x_wconf 92' lang='lat' dir='ltr'><strong>non</strong></span> <span class='ocrx_word' id='word_1_268' title='bbox 1798 2839 1960 2902; x_wconf 86' lang='lat' dir='ltr'><strong>agnoscens</strong></span> <span class='ocrx_word' id='word_1_269' title='bbox 1989 2820 2051 2884; x_wconf 86' lang='lat' dir='ltr'><strong>sire</strong></span> 
     </span>
     <span class='ocr_line' id='line_1_23' title="bbox 351 2929 2052 3018; baseline -0.003 -18"><span class='ocrx_word' id='word_1_270' title='bbox 351 2936 482 3000; x_wconf 89' lang='lat' dir='ltr'><strong>medicus</strong></span> <span class='ocrx_word' id='word_1_271' title='bbox 504 2936 593 3000; x_wconf 85' lang='lat' dir='ltr'><strong>alium</strong></span> <span class='ocrx_word' id='word_1_272' title='bbox 615 2935 687 3000; x_wconf 84' lang='lat' dir='ltr'><strong>falsa</strong></span> <span class='ocrx_word' id='word_1_273' title='bbox 709 2955 779 3000; x_wconf 86' lang='lat' dir='ltr'><strong>curn</strong></span> <span class='ocrx_word' id='word_1_274' title='bbox 802 2937 969 3000; x_wconf 89' lang='lat' dir='ltr'><strong>inconsulto</strong></span> <span class='ocrx_word' id='word_1_275' title='bbox 991 2935 1149 3010; x_wconf 81' lang='lat' dir='ltr'><strong>necaverit,</strong></span> <span class='ocrx_word' id='word_1_276' title='bbox 1172 2936 1244 2997; x_wconf 87' lang='lat' dir='ltr'><strong>haec</strong></span> <span class='ocrx_word' id='word_1_277' title='bbox 1266 2936 1302 2997; x_wconf 93' lang='lat' dir='ltr'><strong>de</strong></span> <span class='ocrx_word' id='word_1_278' title='bbox 1325 2935 1382 2998; x_wconf 92' lang='lat' dir='ltr'><strong>illis</strong></span> <span class='ocrx_word' id='word_1_279' title='bbox 1404 2934 1580 2998; x_wconf 83' lang='lat' dir='ltr'><strong>criminibus</strong></span> <span class='ocrx_word' id='word_1_280' title='bbox 1607 2935 1677 3016; x_wconf 90' lang='lat' dir='ltr'><strong>legis</strong></span> <span class='ocrx_word' id='word_1_281' title='bbox 1700 2942 1855 3017; x_wconf 87' lang='lat' dir='ltr'><strong>praecepta</strong></span> <span class='ocrx_word' id='word_1_282' title='bbox 1883 2935 1917 2998; x_wconf 89' lang='lat' dir='ltr'><strong>ad</strong></span> <span class='ocrx_word' id='word_1_283' title='bbox 1948 2929 2052 3018; x_wconf 84' lang='grc' dir='ltr'><strong><em>φόνον</em></strong></span> 
     </span>
     <span class='ocr_line' id='line_1_24' title="bbox 349 3041 2051 3132; baseline -0.002 -21"><span class='ocrx_word' id='word_1_284' title='bbox 349 3043 508 3113; x_wconf 84' lang='grc' dir='ltr'><strong><em>ἀκούσιον</em></strong></span> <span class='ocrx_word' id='word_1_285' title='bbox 529 3049 678 3132; x_wconf 87' lang='lat' dir='ltr'><strong>pertinere</strong></span> <span class='ocrx_word' id='word_1_286' title='bbox 699 3059 729 3113; x_wconf 91' lang='lat' dir='ltr'><strong>et</strong></span> <span class='ocrx_word' id='word_1_287' title='bbox 750 3050 966 3114; x_wconf 89' lang='lat' dir='ltr'><strong>accusationem</strong></span> <span class='ocrx_word' id='word_1_288' title='bbox 988 3049 1019 3112; x_wconf 92' lang='lat' dir='ltr'><strong>in</strong></span> <span class='ocrx_word' id='word_1_289' title='bbox 1042 3049 1151 3113; x_wconf 92' lang='lat' dir='ltr'><strong>iudicio</strong></span> <span class='ocrx_word' id='word_1_290' title='bbox 1174 3045 1232 3111; x_wconf 74' lang='lat' dir='ltr'><strong>ieri</strong></span> <span class='ocrx_word' id='word_1_291' title='bbox 1257 3041 1438 3131; x_wconf 78' lang='grc' dir='ltr'><strong><em>Παλλαδίῳ</em></strong></span> <span class='ocrx_word' id='word_1_292' title='bbox 1465 3047 1511 3130; x_wconf 88' lang='lat' dir='ltr'><strong>agi</strong></span> <span class='ocrx_word' id='word_1_293' title='bbox 1537 3065 1711 3130; x_wconf 86' lang='lat' dir='ltr'><strong>persuasum</strong></span> <span class='ocrx_word' id='word_1_294' title='bbox 1738 3047 1841 3121; x_wconf 87' lang='lat' dir='ltr'><strong>habet,</strong></span> <span class='ocrx_word' id='word_1_295' title='bbox 1870 3047 1921 3112; x_wconf 89' lang='lat' dir='ltr'><strong>sed</strong></span> <span class='ocrx_word' id='word_1_296' title='bbox 1953 3056 2051 3109; x_wconf 88' lang='lat' dir='ltr'><strong>tamen</strong></span> 
     </span>
     <span class='ocr_line' id='line_1_25' title="bbox 350 3156 2051 3244; baseline -0.004 -20"><span class='ocrx_word' id='word_1_297' title='bbox 350 3179 436 3224; x_wconf 89' lang='lat' dir='ltr'><strong>reum</strong></span> <span class='ocrx_word' id='word_1_298' title='bbox 459 3161 541 3224; x_wconf 91' lang='lat' dir='ltr'><strong>omni</strong></span> <span class='ocrx_word' id='word_1_299' title='bbox 563 3161 647 3244; x_wconf 88' lang='lat' dir='ltr'><strong>culpa</strong></span> <span class='ocrx_word' id='word_1_300' title='bbox 669 3162 796 3226; x_wconf 87' lang='lat' dir='ltr'><strong>liberari.</strong></span> <span class='ocrx_word' id='word_1_301' title='bbox 841 3162 927 3236; x_wconf 84' lang='lat' dir='ltr'><strong>Quod</strong></span> <span class='ocrx_word' id='word_1_302' title='bbox 950 3161 1054 3224; x_wconf 86' lang='lat' dir='ltr'><strong>attinet</strong></span> <span class='ocrx_word' id='word_1_303' title='bbox 1076 3161 1112 3225; x_wconf 93' lang='lat' dir='ltr'><strong>ad</strong></span> <span class='ocrx_word' id='word_1_304' title='bbox 1134 3163 1229 3242; x_wconf 88' lang='lat' dir='ltr'><strong>legem</strong></span> <span class='ocrx_word' id='word_1_305' title='bbox 1258 3160 1294 3224; x_wconf 92' lang='lat' dir='ltr'><strong>de</strong></span> <span class='ocrx_word' id='word_1_306' title='bbox 1324 3160 1437 3225; x_wconf 91' lang='lat' dir='ltr'><strong>modico</strong></span> <span class='ocrx_word' id='word_1_307' title='bbox 1464 3161 1567 3234; x_wconf 87' lang='lat' dir='ltr'><strong>latam,</strong></span> <span class='ocrx_word' id='word_1_308' title='bbox 1598 3179 1659 3225; x_wconf 93' lang='lat' dir='ltr'><strong>nou</strong></span> <span class='ocrx_word' id='word_1_309' title='bbox 1688 3162 1760 3224; x_wconf 86' lang='lat' dir='ltr'><strong>satis</strong></span> <span class='ocrx_word' id='word_1_310' title='bbox 1786 3160 1894 3242; x_wconf 91' lang='lat' dir='ltr'><strong>liquet,</strong></span> <span class='ocrx_word' id='word_1_311' title='bbox 1924 3176 1997 3221; x_wconf 92' lang='lat' dir='ltr'><strong>num</strong></span> <span class='ocrx_word' id='word_1_312' title='bbox 2021 3156 2051 3219; x_wconf 92' lang='lat' dir='ltr'><strong>in</strong></span> 
     </span>
     <span class='ocr_line' id='line_1_26' title="bbox 351 3270 2053 3355; baseline -0.003 -19"><span class='ocrx_word' id='word_1_313' title='bbox 351 3274 522 3338; x_wconf 76' lang='lat' dir='ltr'><strong>draconteis</strong></span> <span class='ocrx_word' id='word_1_314' title='bbox 545 3274 658 3355; x_wconf 88' lang='lat' dir='ltr'><strong>legibus</strong></span> <span class='ocrx_word' id='word_1_315' title='bbox 680 3276 863 3340; x_wconf 89' lang='lat' dir='ltr'><strong>numeranda</strong></span> <span class='ocrx_word' id='word_1_316' title='bbox 886 3275 935 3353; x_wconf 87' lang='lat' dir='ltr'><strong>sit,</strong></span> <span class='ocrx_word' id='word_1_317' title='bbox 959 3293 1025 3338; x_wconf 89' lang='lat' dir='ltr'><strong>cum</strong></span> <span class='ocrx_word' id='word_1_318' title='bbox 1050 3294 1085 3337; x_wconf 86' lang='lat' dir='ltr'><strong>ex</strong></span> <span class='ocrx_word' id='word_1_319' title='bbox 1107 3274 1162 3337; x_wconf 85' lang='lat' dir='ltr'><strong>lrac</strong></span> <span class='ocrx_word' id='word_1_320' title='bbox 1183 3281 1300 3338; x_wconf 88' lang='lat' dir='ltr'><strong>tantum</strong></span> <span class='ocrx_word' id='word_1_321' title='bbox 1324 3273 1477 3353; x_wconf 90' lang='lat' dir='ltr'><strong>tetralogia</strong></span> <span class='ocrx_word' id='word_1_322' title='bbox 1501 3281 1531 3336; x_wconf 93' lang='lat' dir='ltr'><strong>et</strong></span> <span class='ocrx_word' id='word_1_323' title='bbox 1554 3273 1685 3337; x_wconf 88' lang='lat' dir='ltr'><strong>Platonis</strong></span> <span class='ocrx_word' id='word_1_324' title='bbox 1708 3273 1851 3354; x_wconf 86' lang='lat' dir='ltr'><strong>legibus⁴)</strong></span> <span class='ocrx_word' id='word_1_325' title='bbox 1879 3270 2053 3336; x_wconf 86' lang='lat' dir='ltr'><strong>innotuerit.</strong></span> 
     </span>
     <span class='ocr_line' id='line_1_27' title="bbox 352 3385 2053 3473; baseline -0.004 -23"><span class='ocrx_word' id='word_1_326' title='bbox 352 3387 411 3451; x_wconf 90' lang='lat' dir='ltr'><strong>Sed</strong></span> <span class='ocrx_word' id='word_1_327' title='bbox 435 3389 492 3452; x_wconf 89' lang='lat' dir='ltr'><strong>hnc</strong></span> <span class='ocrx_word' id='word_1_328' title='bbox 513 3407 574 3451; x_wconf 92' lang='lat' dir='ltr'><strong>non</strong></span> <span class='ocrx_word' id='word_1_329' title='bbox 598 3389 671 3452; x_wconf 90' lang='lat' dir='ltr'><strong>adeo</strong></span> <span class='ocrx_word' id='word_1_330' title='bbox 694 3389 791 3472; x_wconf 88' lang='lat' dir='ltr'><strong>magui</strong></span> <span class='ocrx_word' id='word_1_331' title='bbox 814 3389 954 3473; x_wconf 91' lang='lat' dir='ltr'><strong>ponderis</strong></span> <span class='ocrx_word' id='word_1_332' title='bbox 978 3397 1024 3451; x_wconf 93' lang='lat' dir='ltr'><strong>est</strong></span> <span class='ocrx_word' id='word_1_333' title='bbox 1045 3388 1082 3451; x_wconf 91' lang='lat' dir='ltr'><strong>ad</strong></span> <span class='ocrx_word' id='word_1_334' title='bbox 1106 3387 1312 3470; x_wconf 78' lang='lat' dir='ltr'><strong>quaestionem</strong></span> <span class='ocrx_word' id='word_1_335' title='bbox 1337 3395 1470 3450; x_wconf 89' lang='lat' dir='ltr'><strong>nostram</strong></span> <span class='ocrx_word' id='word_1_336' title='bbox 1494 3385 1718 3449; x_wconf 83' lang='lat' dir='ltr'><strong>diiudicandum.</strong></span> <span class='ocrx_word' id='word_1_337' title='bbox 1757 3385 1952 3450; x_wconf 87' lang='lat' dir='ltr'><strong>Hocrlichium</strong></span> <span class='ocrx_word' id='word_1_338' title='bbox 1967 3403 2053 3465; x_wconf 88' lang='lat' dir='ltr'><strong>prac-</strong></span> 
     </span>
     <span class='ocr_line' id='line_1_28' title="bbox 352 3495 2055 3584; baseline -0.004 -21"><span class='ocrx_word' id='word_1_339' title='bbox 352 3509 493 3583; x_wconf 90' lang='lat' dir='ltr'><strong>occupsta</strong></span> <span class='ocrx_word' id='word_1_340' title='bbox 522 3511 622 3564; x_wconf 91' lang='lat' dir='ltr'><strong>mente</strong></span> <span class='ocrx_word' id='word_1_341' title='bbox 649 3511 680 3564; x_wconf 91' lang='lat' dir='ltr'><strong>et</strong></span> <span class='ocrx_word' id='word_1_342' title='bbox 708 3502 816 3584; x_wconf 90' lang='lat' dir='ltr'><strong>raptim</strong></span> <span class='ocrx_word' id='word_1_343' title='bbox 845 3502 1026 3564; x_wconf 90' lang='lat' dir='ltr'><strong>senteutiam</strong></span> <span class='ocrx_word' id='word_1_344' title='bbox 1054 3501 1091 3563; x_wconf 92' lang='lat' dir='ltr'><strong>de</strong></span> <span class='ocrx_word' id='word_1_345' title='bbox 1118 3500 1163 3562; x_wconf 85' lang='lat' dir='ltr'><strong>his</strong></span> <span class='ocrx_word' id='word_1_346' title='bbox 1190 3499 1303 3579; x_wconf 91' lang='lat' dir='ltr'><strong>legibus</strong></span> <span class='ocrx_word' id='word_1_347' title='bbox 1324 3499 1564 3579; x_wconf 86' lang='lat' dir='ltr'><strong>pronuntiarisse</strong></span> <span class='ocrx_word' id='word_1_348' title='bbox 1587 3507 1616 3562; x_wconf 92' lang='lat' dir='ltr'><strong>et</strong></span> <span class='ocrx_word' id='word_1_349' title='bbox 1638 3499 1768 3563; x_wconf 86' lang='lat' dir='ltr'><strong>Platonis</strong></span> <span class='ocrx_word' id='word_1_350' title='bbox 1795 3498 1977 3572; x_wconf 89' lang='lat' dir='ltr'><strong>sententiae,</strong></span> <span class='ocrx_word' id='word_1_351' title='bbox 2004 3495 2055 3576; x_wconf 92' lang='lat' dir='ltr'><strong>qui</strong></span> 
     </span>
     <span class='ocr_line' id='line_1_29' title="bbox 350 3607 2052 3699; baseline -0.005 -23"><span class='ocrx_word' id='word_1_352' title='bbox 350 3614 414 3678; x_wconf 90' lang='lat' dir='ltr'><strong>illas</strong></span> <span class='ocrx_word' id='word_1_353' title='bbox 442 3615 520 3696; x_wconf 87' lang='lat' dir='ltr'><strong>leges</strong></span> <span class='ocrx_word' id='word_1_354' title='bbox 553 3615 589 3677; x_wconf 89' lang='lat' dir='ltr'><strong>ad</strong></span> <span class='ocrx_word' id='word_1_355' title='bbox 617 3611 720 3699; x_wconf 88' lang='grc' dir='ltr'><strong><em>φόνον</em></strong></span> <span class='ocrx_word' id='word_1_356' title='bbox 747 3607 908 3678; x_wconf 78' lang='grc' dir='ltr'><strong><em>ἀκούσιον</em></strong></span> <span class='ocrx_word' id='word_1_357' title='bbox 936 3614 1126 3688; x_wconf 86' lang='lat' dir='ltr'><strong>adnumerat,</strong></span> <span class='ocrx_word' id='word_1_358' title='bbox 1160 3611 1249 3675; x_wconf 90' lang='lat' dir='ltr'><strong>nimis</strong></span> <span class='ocrx_word' id='word_1_359' title='bbox 1284 3610 1493 3692; x_wconf 89' lang='lat' dir='ltr'><strong>adstipulatum</strong></span> <span class='ocrx_word' id='word_1_360' title='bbox 1523 3629 1588 3674; x_wconf 90' lang='lat' dir='ltr'><strong>esse</strong></span> <span class='ocrx_word' id='word_1_361' title='bbox 1616 3611 1689 3674; x_wconf 90' lang='lat' dir='ltr'><strong>mihi</strong></span> <span class='ocrx_word' id='word_1_362' title='bbox 1717 3609 1836 3692; x_wconf 87' lang='lat' dir='ltr'><strong>quidem</strong></span> <span class='ocrx_word' id='word_1_363' title='bbox 1866 3607 2052 3671; x_wconf 83' lang='lat' dir='ltr'><strong>manifestum</strong></span> 
     </span>
     <span class='ocr_line' id='line_1_30' title="bbox 353 3719 2054 3809; baseline -0.007 -19"><span class='ocrx_word' id='word_1_364' title='bbox 353 3729 477 3792; x_wconf 86' lang='lat' dir='ltr'><strong>ridetur.</strong></span> <span class='ocrx_word' id='word_1_365' title='bbox 522 3729 634 3793; x_wconf 82' lang='lat' dir='ltr'><strong>Eodem</strong></span> <span class='ocrx_word' id='word_1_366' title='bbox 658 3729 738 3792; x_wconf 90' lang='lat' dir='ltr'><strong>enim</strong></span> <span class='ocrx_word' id='word_1_367' title='bbox 760 3730 826 3794; x_wconf 86' lang='lat' dir='ltr'><strong>iure</strong></span> <span class='ocrx_word' id='word_1_368' title='bbox 848 3729 919 3792; x_wconf 81' lang='lat' dir='ltr'><strong>alias</strong></span> <span class='ocrx_word' id='word_1_369' title='bbox 941 3729 1034 3809; x_wconf 87' lang='lat' dir='ltr'><strong>leges,</strong></span> <span class='ocrx_word' id='word_1_370' title='bbox 1064 3745 1139 3809; x_wconf 88' lang='lat' dir='ltr'><strong>quae</strong></span> <span class='ocrx_word' id='word_1_371' title='bbox 1161 3726 1198 3790; x_wconf 87' lang='lat' dir='ltr'><strong>sd</strong></span> <span class='ocrx_word' id='word_1_372' title='bbox 1220 3721 1326 3809; x_wconf 82' lang='grc' dir='ltr'><strong><em>φόνον</em></strong></span> <span class='ocrx_word' id='word_1_373' title='bbox 1347 3721 1482 3787; x_wconf 89' lang='grc' dir='ltr'><strong><em>δίκαιον</em></strong></span> <span class='ocrx_word' id='word_1_374' title='bbox 1503 3725 1671 3805; x_wconf 90' lang='lat' dir='ltr'><strong>pertinent,</strong></span> <span class='ocrx_word' id='word_1_375' title='bbox 1701 3723 1807 3786; x_wconf 82' lang='lat' dir='ltr'><strong>veluti:</strong></span> <span class='ocrx_word' id='word_1_376' title='bbox 1839 3719 1880 3784; x_wconf 87' lang='grc' dir='ltr'><strong><em>ἀν</em></strong></span> <span class='ocrx_word' id='word_1_377' title='bbox 1905 3741 2028 3794; x_wconf 91' lang='grc' dir='ltr'><strong><em>τις...</em></strong></span> <span class='ocrx_word' id='word_1_378' title='bbox 2046 3761 2054 3778; x_wconf 91' lang='lat'><strong>.</strong></span> 
     </span>
     <span class='ocr_line' id='line_1_31' title="bbox 352 3825 2055 3926; baseline -0.008 -22"><span class='ocrx_word' id='word_1_379' title='bbox 352 3835 532 3926; x_wconf 76' lang='grc' dir='ltr'><strong><em>ἀποκτείνῃ</em></strong></span> <span class='ocrx_word' id='word_1_380' title='bbox 555 3839 630 3906; x_wconf 87' lang='grc' dir='ltr'><strong><em>τινά</em></strong></span> <span class='ocrx_word' id='word_1_381' title='bbox 645 3888 652 3904; x_wconf 94' lang='grc'><strong><em>.</em></strong></span> <span class='ocrx_word' id='word_1_382' title='bbox 669 3888 677 3904; x_wconf 94' lang='grc'><strong>.</strong></span> <span class='ocrx_word' id='word_1_383' title='bbox 694 3887 726 3904; x_wconf 90' lang='grc'><strong>..</strong></span> <span class='ocrx_word' id='word_1_384' title='bbox 750 3839 770 3926; x_wconf 81' lang='grc' dir='ltr'><em>ἢ</em></span> <span class='ocrx_word' id='word_1_385' title='bbox 792 3839 851 3905; x_wconf 75' lang='lat' dir='ltr'><strong>tut</strong></span> <span class='ocrx_word' id='word_1_386' title='bbox 873 3837 1016 3924; x_wconf 78' lang='grc' dir='ltr'><strong><em>δάμαρτι</em></strong></span> <span class='ocrx_word' id='word_1_387' title='bbox 1033 3887 1041 3903; x_wconf 90' lang='grc'><strong>.</strong></span> <span class='ocrx_word' id='word_1_388' title='bbox 1056 3885 1089 3926; x_wconf 65' lang='lat'><strong>‚.</strong></span> <span class='ocrx_word' id='word_1_389' title='bbox 1126 3835 1227 3921; x_wconf 76' lang='grc' dir='ltr'><strong><em>ἢλπλ</em></strong></span> <span class='ocrx_word' id='word_1_390' title='bbox 1255 3833 1352 3920; x_wconf 72' lang='grc' dir='ltr'><strong><em>μητρὶ</em></strong></span> <span class='ocrx_word' id='word_1_391' title='bbox 1377 3832 1396 3920; x_wconf 77' lang='grc' dir='ltr'><em>ἢ</em></span> <span class='ocrx_word' id='word_1_392' title='bbox 1418 3832 1472 3898; x_wconf 75' lang='grc' dir='ltr'><strong>ἐπ’</strong></span> <span class='ocrx_word' id='word_1_393' title='bbox 1494 3831 1622 3926; x_wconf 74' lang='grc' dir='ltr'><strong><em>ἀδελφῇ</em></strong></span> <span class='ocrx_word' id='word_1_394' title='bbox 1644 3832 1664 3919; x_wconf 84' lang='lat' dir='ltr'><strong>&#39;I</strong></span> <span class='ocrx_word' id='word_1_395' title='bbox 1687 3832 1745 3898; x_wconf 74' lang='lat' dir='ltr'><strong>tut</strong></span> <span class='ocrx_word' id='word_1_396' title='bbox 1776 3829 1932 3915; x_wconf 65' lang='grc' dir='ltr'><strong><em>θυγατρὶ,</em></strong></span> <span class='ocrx_word' id='word_1_397' title='bbox 1955 3827 1975 3913; x_wconf 79' lang='grc' dir='ltr'><strong><em>ἦ</em></strong></span> <span class='ocrx_word' id='word_1_398' title='bbox 1996 3825 2055 3892; x_wconf 78' lang='grc' dir='ltr'><strong>ἐπὶ</strong></span> 
     </span>
     <span class='ocr_line' id='line_1_32' title="bbox 354 3934 2055 4044; baseline 0.001 -26"><span class='ocrx_word' id='word_1_399' title='bbox 354 3951 507 4044; x_wconf 76' lang='grc' dir='ltr'><strong><em>παλλακῇ</em></strong></span> <span class='ocrx_word' id='word_1_400' title='bbox 530 3949 569 4038; x_wconf 76' lang='grc' dir='ltr'><strong><em>ἢν</em></strong></span> <span class='ocrx_word' id='word_1_401' title='bbox 590 3951 632 4018; x_wconf 84' lang='grc' dir='ltr'><strong><em>ἀν</em></strong></span> <span class='ocrx_word' id='word_1_402' title='bbox 653 3951 707 4018; x_wconf 80' lang='grc' dir='ltr'><strong>ἐπ’</strong></span> <span class='ocrx_word' id='word_1_403' title='bbox 730 3950 920 4034; x_wconf 72' lang='grc' dir='ltr'><strong><em>ἐλευθέροις</em></strong></span> <span class='ocrx_word' id='word_1_404' title='bbox 941 3951 1063 4018; x_wconf 83' lang='grc' dir='ltr'><strong><em>παισίν</em></strong></span> <span class='ocrx_word' id='word_1_405' title='bbox 1086 3949 1141 4036; x_wconf 80' lang='grc' dir='ltr'><strong>ἔχῃ</strong></span> <span class='ocrx_word' id='word_1_406' title='bbox 1166 3953 1210 4013; x_wconf 89' lang='lat' dir='ltr'><strong>rel</strong></span> <span class='ocrx_word' id='word_1_407' title='bbox 1231 3947 1292 4013; x_wconf 75' lang='grc' dir='ltr'><strong><em>ἐὰν</em></strong></span> <span class='ocrx_word' id='word_1_408' title='bbox 1306 3944 1428 4028; x_wconf 74' lang='grc' dir='ltr'><strong><em>ἅκαντα</em></strong></span> <span class='ocrx_word' id='word_1_409' title='bbox 1443 3943 1463 4033; x_wconf 79' lang='grc' dir='ltr'><em>ἢ</em></span> <span class='ocrx_word' id='word_1_410' title='bbox 1479 3948 1622 4033; x_wconf 74' lang='grc' dir='ltr'><strong><em>φέροντα</em></strong></span> <span class='ocrx_word' id='word_1_411' title='bbox 1634 3948 1695 4030; x_wconf 75' lang='grc' dir='ltr'><strong>βίᾳ</strong></span> <span class='ocrx_word' id='word_1_412' title='bbox 1714 3941 1837 4020; x_wconf 61' lang='grc' dir='ltr'><strong><em>ἀδίκως</em></strong></span> <span class='ocrx_word' id='word_1_413' title='bbox 1852 3939 1954 4019; x_wconf 52' lang='lat' dir='ltr'><strong>elidit</strong></span> <span class='ocrx_word' id='word_1_414' title='bbox 1968 3934 2055 4025; x_wconf 58' lang='lat' dir='ltr'><strong>dliv·</strong></span> 
     </span>
     <span class='ocr_line' id='line_1_33' title="bbox 353 4053 2056 4151; baseline -0.009 -18"><span class='ocrx_word' id='word_1_415' title='bbox 353 4063 489 4150; x_wconf 84' lang='grc' dir='ltr'><strong><em>νόμενος</em></strong></span> <span class='ocrx_word' id='word_1_416' title='bbox 510 4069 629 4151; x_wconf 85' lang='grc' dir='ltr'><strong><em>κτείνῃ,</em></strong></span> <span class='ocrx_word' id='word_1_417' title='bbox 652 4067 807 4151; x_wconf 70' lang='grc' dir='ltr'><strong><em>νηποινεὶ</em></strong></span> <span class='ocrx_word' id='word_1_418' title='bbox 829 4064 994 4132; x_wconf 82' lang='grc' dir='ltr'><strong><em>τεθνάναι</em></strong></span> <span class='ocrx_word' id='word_1_419' title='bbox 1016 4062 1215 4140; x_wconf 67' lang='lat' dir='ltr'><strong>velitisne</strong></span> <span class='ocrx_word' id='word_1_420' title='bbox 1237 4059 1442 4148; x_wconf 80' lang='grc' dir='ltr'><strong><em>ἀμυνόμενος</em></strong></span> <span class='ocrx_word' id='word_1_421' title='bbox 1464 4059 1607 4148; x_wconf 81' lang='grc' dir='ltr'><strong><em>ἄρχοντα</em></strong></span> <span class='ocrx_word' id='word_1_422' title='bbox 1628 4060 1747 4146; x_wconf 74' lang='grc' dir='ltr'><strong><em>χειρῶν</em></strong></span> <span class='ocrx_word' id='word_1_423' title='bbox 1769 4053 1895 4124; x_wconf 80' lang='grc' dir='ltr'><strong><em>ἀδίκων</em></strong></span> <span class='ocrx_word' id='word_1_424' title='bbox 1916 4058 2024 4140; x_wconf 90' lang='grc' dir='ltr'><strong><em>κτείνῃ</em></strong></span> <span class='ocrx_word' id='word_1_425' title='bbox 2032 4056 2056 4132; x_wconf 76' lang='lat'><strong>⁸)</strong></span> 
     </span>
     <span class='ocr_line' id='line_1_34' title="bbox 355 4169 2056 4260; baseline -0.006 -18"><span class='ocrx_word' id='word_1_426' title='bbox 355 4181 400 4244; x_wconf 85' lang='lat' dir='ltr'><strong>vel</strong></span> <span class='ocrx_word' id='word_1_427' title='bbox 423 4182 531 4244; x_wconf 90' lang='lat' dir='ltr'><strong>multos</strong></span> <span class='ocrx_word' id='word_1_428' title='bbox 553 4181 624 4245; x_wconf 84' lang='lat' dir='ltr'><strong>alias</strong></span> <span class='ocrx_word' id='word_1_429' title='bbox 645 4182 739 4244; x_wconf 90' lang='lat' dir='ltr'><strong>titulis</strong></span> <span class='ocrx_word' id='word_1_430' title='bbox 762 4181 798 4244; x_wconf 93' lang='lat' dir='ltr'><strong>de</strong></span> <span class='ocrx_word' id='word_1_431' title='bbox 821 4182 912 4245; x_wconf 90' lang='lat' dir='ltr'><strong>caede</strong></span> <span class='ocrx_word' id='word_1_432' title='bbox 934 4179 1133 4244; x_wconf 83' lang='lat' dir='ltr'><strong>involuntarie</strong></span> <span class='ocrx_word' id='word_1_433' title='bbox 1155 4177 1306 4260; x_wconf 89' lang='lat' dir='ltr'><strong>inscriptis</strong></span> <span class='ocrx_word' id='word_1_434' title='bbox 1327 4177 1461 4241; x_wconf 84' lang='lat' dir='ltr'><strong>inserere</strong></span> <span class='ocrx_word' id='word_1_435' title='bbox 1482 4177 1579 4259; x_wconf 91' lang='lat' dir='ltr'><strong>potuit</strong></span> <span class='ocrx_word' id='word_1_436' title='bbox 1600 4177 1655 4247; x_wconf 90' lang='lat' dir='ltr'><strong>ita,</strong></span> <span class='ocrx_word' id='word_1_437' title='bbox 1680 4183 1714 4238; x_wconf 93' lang='lat' dir='ltr'><strong>ut</strong></span> <span class='ocrx_word' id='word_1_438' title='bbox 1735 4173 1943 4256; x_wconf 88' lang='lat' dir='ltr'><strong>uuusquisque</strong></span> <span class='ocrx_word' id='word_1_439' title='bbox 1967 4169 2056 4232; x_wconf 76' lang='lat' dir='ltr'><strong>mua·</strong></span> 
     </span>
     <span class='ocr_line' id='line_1_35' title="bbox 354 4276 2059 4380; baseline -0.011 -18"><span class='ocrx_word' id='word_1_440' title='bbox 354 4306 452 4373; x_wconf 90' lang='lat' dir='ltr'><strong>retur,</strong></span> <span class='ocrx_word' id='word_1_441' title='bbox 485 4317 545 4380; x_wconf 95' lang='lat' dir='ltr'><strong>quo</strong></span> <span class='ocrx_word' id='word_1_442' title='bbox 578 4299 701 4362; x_wconf 90' lang='lat' dir='ltr'><strong>consilio</strong></span> <span class='ocrx_word' id='word_1_443' title='bbox 723 4297 918 4362; x_wconf 78' lang='lat' dir='ltr'><strong>Athenienses</strong></span> <span class='ocrx_word' id='word_1_444' title='bbox 951 4297 1094 4362; x_wconf 83' lang='lat' dir='ltr'><strong>iudicIum</strong></span> <span class='ocrx_word' id='word_1_445' title='bbox 1123 4293 1182 4361; x_wconf 80' lang='lat' dir='ltr'><strong>Irsl</strong></span> <span class='ocrx_word' id='word_1_446' title='bbox 1211 4292 1382 4378; x_wconf 83' lang='grc' dir='ltr'><strong><em>Δελφινίῳ</em></strong></span> <span class='ocrx_word' id='word_1_447' title='bbox 1416 4289 1623 4355; x_wconf 86' lang='lat' dir='ltr'><strong>instituissent</strong></span> <span class='ocrx_word' id='word_1_448' title='bbox 1683 4289 1837 4350; x_wconf 87' lang='lat' dir='ltr'><strong>Praeterea</strong></span> <span class='ocrx_word' id='word_1_449' title='bbox 1871 4286 1979 4363; x_wconf 90' lang='lat' dir='ltr'><strong>legem:</strong></span> <span class='ocrx_word' id='word_1_450' title='bbox 2018 4276 2059 4344; x_wconf 85' lang='grc' dir='ltr'><strong><em>ἄν</em></strong></span> 
     </span>
     <span class='ocr_line' id='line_1_36' title="bbox 354 4393 2059 4496; baseline -0.013 -19"><span class='ocrx_word' id='word_1_451' title='bbox 354 4436 450 4489; x_wconf 88' lang='grc' dir='ltr'><strong><em>τις..</em></strong></span> <span class='ocrx_word' id='word_1_452' title='bbox 469 4459 500 4477; x_wconf 89' lang='grc'><strong>..</strong></span> <span class='ocrx_word' id='word_1_453' title='bbox 523 4408 702 4496; x_wconf 76' lang='grc' dir='ltr'><strong><em>ἀποκτείνῃ</em></strong></span> <span class='ocrx_word' id='word_1_454' title='bbox 725 4409 802 4475; x_wconf 85' lang='grc' dir='ltr'><strong><em>τινὰ</em></strong></span> <span class='ocrx_word' id='word_1_455' title='bbox 823 4409 859 4476; x_wconf 71' lang='grc' dir='ltr'><strong><em>ἐν</em></strong></span> <span class='ocrx_word' id='word_1_456' title='bbox 880 4408 1015 4494; x_wconf 80' lang='grc' dir='ltr'><strong><em>πολέμῳ</em></strong></span> <span class='ocrx_word' id='word_1_457' title='bbox 1038 4403 1204 4494; x_wconf 71' lang='grc' dir='ltr'><strong><em>ἀγνοήσας</em></strong></span> <span class='ocrx_word' id='word_1_458' title='bbox 1225 4425 1287 4470; x_wconf 92' lang='lat' dir='ltr'><strong>non</strong></span> <span class='ocrx_word' id='word_1_459' title='bbox 1310 4406 1345 4469; x_wconf 91' lang='lat' dir='ltr'><strong>ad</strong></span> <span class='ocrx_word' id='word_1_460' title='bbox 1369 4400 1474 4490; x_wconf 80' lang='grc' dir='ltr'><strong><em>φόνον</em></strong></span> <span class='ocrx_word' id='word_1_461' title='bbox 1495 4396 1653 4466; x_wconf 79' lang='grc' dir='ltr'><strong><em>ἀκούσιον</em></strong></span> <span class='ocrx_word' id='word_1_462' title='bbox 1678 4399 1864 4464; x_wconf 81' lang='lat' dir='ltr'><strong>referendam</strong></span> <span class='ocrx_word' id='word_1_463' title='bbox 1888 4415 1953 4460; x_wconf 88' lang='lat' dir='ltr'><strong>esse</strong></span> <span class='ocrx_word' id='word_1_464' title='bbox 1973 4393 2059 4458; x_wconf 83' lang='lat' dir='ltr'><strong>facile</strong></span> 
     </span>
     <span class='ocr_line' id='line_1_37' title="bbox 355 4506 2059 4609; baseline -0.014 -17"><span class='ocrx_word' id='word_1_465' title='bbox 355 4537 401 4592; x_wconf 92' lang='lat' dir='ltr'><strong>est</strong></span> <span class='ocrx_word' id='word_1_466' title='bbox 423 4528 554 4609; x_wconf 88' lang='lat' dir='ltr'><strong>cognitu.</strong></span> <span class='ocrx_word' id='word_1_467' title='bbox 598 4525 700 4607; x_wconf 86' lang='lat' dir='ltr'><strong>Neque</strong></span> <span class='ocrx_word' id='word_1_468' title='bbox 723 4525 802 4588; x_wconf 91' lang='lat' dir='ltr'><strong>enirn</strong></span> <span class='ocrx_word' id='word_1_469' title='bbox 826 4525 890 4588; x_wconf 85' lang='lat' dir='ltr'><strong>fieri</strong></span> <span class='ocrx_word' id='word_1_470' title='bbox 912 4527 1018 4608; x_wconf 85' lang='lat' dir='ltr'><strong>potuit,</strong></span> <span class='ocrx_word' id='word_1_471' title='bbox 1041 4533 1074 4588; x_wconf 89' lang='lat' dir='ltr'><strong>ut</strong></span> <span class='ocrx_word' id='word_1_472' title='bbox 1095 4524 1131 4596; x_wconf 91' lang='lat' dir='ltr'><strong>is,</strong></span> <span class='ocrx_word' id='word_1_473' title='bbox 1154 4521 1206 4605; x_wconf 92' lang='lat' dir='ltr'><strong>qui</strong></span> <span class='ocrx_word' id='word_1_474' title='bbox 1227 4521 1318 4585; x_wconf 89' lang='lat' dir='ltr'><strong>alium</strong></span> <span class='ocrx_word' id='word_1_475' title='bbox 1342 4519 1374 4582; x_wconf 94' lang='lat' dir='ltr'><strong>in</strong></span> <span class='ocrx_word' id='word_1_476' title='bbox 1397 4517 1472 4581; x_wconf 90' lang='lat' dir='ltr'><strong>bello</strong></span> <span class='ocrx_word' id='word_1_477' title='bbox 1494 4522 1546 4579; x_wconf 86' lang='lat' dir='ltr'><strong>aut</strong></span> <span class='ocrx_word' id='word_1_478' title='bbox 1567 4515 1596 4577; x_wconf 90' lang='lat' dir='ltr'><strong>in</strong></span> <span class='ocrx_word' id='word_1_479' title='bbox 1620 4522 1769 4578; x_wconf 91' lang='lat' dir='ltr'><strong>nocturno</strong></span> <span class='ocrx_word' id='word_1_480' title='bbox 1792 4511 1932 4584; x_wconf 91' lang='lat' dir='ltr'><strong>tumultu,</strong></span> <span class='ocrx_word' id='word_1_481' title='bbox 1956 4506 2059 4590; x_wconf 89' lang='lat' dir='ltr'><strong>qualos</strong></span> 
     </span>
    </p>
   </div>
   <div class='ocr_carea' id='block_1_3' title="bbox 491 4766 1909 5026">
    <p class='ocr_par' dir='ltr' id='par_1_4' title="bbox 491 4766 1909 5026">
     <span class='ocr_line' id='line_1_38' title="bbox 491 4766 1453 4854; baseline -0.014 -17"><span class='ocrx_word' id='word_1_482' title='bbox 491 4784 511 4847; x_wconf 86' lang='lat'><strong>¹)</strong></span> <span class='ocrx_word' id='word_1_483' title='bbox 529 4785 601 4854; x_wconf 77' lang='lat' dir='ltr'><strong>Byr</strong></span> <span class='ocrx_word' id='word_1_484' title='bbox 620 4777 756 4848; x_wconf 70' lang='grc' dir='ltr'><strong><em>αὐθέντην</em></strong></span> <span class='ocrx_word' id='word_1_485' title='bbox 773 4780 1076 4852; x_wconf 73' lang='lat' dir='ltr'><strong>npossaaeyvocatvra</strong></span> <span class='ocrx_word' id='word_1_486' title='bbox 1094 4775 1144 4850; x_wconf 81' lang='grc' dir='ltr'><strong>ἀφ’</strong></span> <span class='ocrx_word' id='word_1_487' title='bbox 1159 4774 1239 4848; x_wconf 74' lang='grc' dir='ltr'><strong><em>ἀμῶν</em></strong></span> <span class='ocrx_word' id='word_1_488' title='bbox 1257 4773 1345 4830; x_wconf 74' lang='lat' dir='ltr'><strong>irrides</strong></span> <span class='ocrx_word' id='word_1_489' title='bbox 1362 4766 1453 4827; x_wconf 76' lang='lat' dir='ltr'><strong>aristis.</strong></span> 
     </span>
     <span class='ocr_line' id='line_1_39' title="bbox 491 4851 1909 4939; baseline -0.016 -15"><span class='ocrx_word' id='word_1_490' title='bbox 491 4871 513 4936; x_wconf 67' lang='grc' dir='ltr'><strong>ί)</strong></span> <span class='ocrx_word' id='word_1_491' title='bbox 532 4869 722 4939; x_wconf 81' lang='lat' dir='ltr'><strong>Dispositiones</strong></span> <span class='ocrx_word' id='word_1_492' title='bbox 739 4869 828 4922; x_wconf 81' lang='lat' dir='ltr'><strong>harum</strong></span> <span class='ocrx_word' id='word_1_493' title='bbox 847 4868 990 4922; x_wconf 74' lang='lat' dir='ltr'><strong>oradouonr</strong></span> <span class='ocrx_word' id='word_1_494' title='bbox 1008 4873 1128 4921; x_wconf 84' lang='lat' dir='ltr'><strong>securata</strong></span> <span class='ocrx_word' id='word_1_495' title='bbox 1145 4863 1289 4919; x_wconf 81' lang='lat' dir='ltr'><strong>illustravit</strong></span> <span class='ocrx_word' id='word_1_496' title='bbox 1308 4859 1430 4924; x_wconf 78' lang='lat' dir='ltr'><strong>disssfns,</strong></span> <span class='ocrx_word' id='word_1_497' title='bbox 1448 4857 1495 4911; x_wconf 84' lang='lat' dir='ltr'><strong>ute</strong></span> <span class='ocrx_word' id='word_1_498' title='bbox 1513 4864 1560 4910; x_wconf 79' lang='lat' dir='ltr'><strong>stt.</strong></span> <span class='ocrx_word' id='word_1_499' title='bbox 1578 4853 1739 4908; x_wconf 76' lang='lat' dir='ltr'><strong>Beredssrsk.</strong></span> <span class='ocrx_word' id='word_1_500' title='bbox 1757 4851 1797 4919; x_wconf 82' lang='lat'><strong>1¹,</strong></span> <span class='ocrx_word' id='word_1_501' title='bbox 1811 4851 1859 4905; x_wconf 80' lang='lat' dir='ltr'><strong>l&#39;fi</strong></span> <span class='ocrx_word' id='word_1_502' title='bbox 1871 4867 1909 4918; x_wconf 90' lang='lat' dir='ltr'><strong>sq.</strong></span> 
     </span>
     <span class='ocr_line' id='line_1_40' title="bbox 492 4957 724 5026; baseline -0.013 -15"><span class='ocrx_word' id='word_1_503' title='bbox 492 4957 515 5024; x_wconf 62' lang='grc' dir='ltr'><strong>θ)</strong></span> <span class='ocrx_word' id='word_1_504' title='bbox 532 4958 551 5010; x_wconf 93' lang='lat' dir='ltr'><strong>l.</strong></span> <span class='ocrx_word' id='word_1_505' title='bbox 563 4975 585 5010; x_wconf 87' lang='lat' dir='ltr'><strong>e.</strong></span> <span class='ocrx_word' id='word_1_506' title='bbox 598 4974 623 5026; x_wconf 87' lang='grc' dir='ltr'><strong>η.</strong></span> <span class='ocrx_word' id='word_1_507' title='bbox 636 4957 724 5018; x_wconf 77' lang='lat' dir='ltr'><strong>tutat.</strong></span> 
     </span>
    </p>
   </div>
   <div class='ocr_carea' id='block_1_4' title="bbox 492 5017 2061 5114">
    <p class='ocr_par' dir='ltr' id='par_1_5' title="bbox 492 5017 2061 5114">
     <span class='ocr_line' id='line_1_41' title="bbox 492 5017 2061 5114; baseline -0.011 -18"><span class='ocrx_word' id='word_1_508' title='bbox 492 5046 515 5114; x_wconf 78' lang='lat'><strong>⁴)</strong></span> <span class='ocrx_word' id='word_1_509' title='bbox 533 5044 599 5098; x_wconf 82' lang='lat' dir='ltr'><strong>Plst.</strong></span> <span class='ocrx_word' id='word_1_510' title='bbox 617 5045 649 5097; x_wconf 89' lang='lat' dir='ltr'><strong>ds</strong></span> <span class='ocrx_word' id='word_1_511' title='bbox 667 5045 717 5108; x_wconf 82' lang='lat' dir='ltr'><strong>leg.</strong></span> <span class='ocrx_word' id='word_1_512' title='bbox 735 5039 780 5106; x_wconf 87' lang='lat' dir='ltr'><strong>IX,</strong></span> <span class='ocrx_word' id='word_1_513' title='bbox 794 5039 843 5093; x_wconf 73' lang='lat' dir='ltr'><strong>did</strong></span> <span class='ocrx_word' id='word_1_514' title='bbox 864 5039 881 5090; x_wconf 81' lang='lat' dir='ltr'>B</span> <span class='ocrx_word' id='word_1_515' title='bbox 900 5039 1003 5108; x_wconf 73' lang='lat' dir='ltr'><strong>respuo</strong></span> <span class='ocrx_word' id='word_1_516' title='bbox 1019 5036 1049 5092; x_wconf 83' lang='lat' dir='ltr'><strong>di</strong></span> <span class='ocrx_word' id='word_1_517' title='bbox 1066 5037 1131 5107; x_wconf 77' lang='lat' dir='ltr'><strong>usqi</strong></span> <span class='ocrx_word' id='word_1_518' title='bbox 1148 5029 1268 5102; x_wconf 76' lang='grc' dir='ltr'><strong><em>πάητυν,</em></strong></span> <span class='ocrx_word' id='word_1_519' title='bbox 1286 5029 1321 5087; x_wconf 85' lang='grc' dir='ltr'><strong><em>ἀν</em></strong></span> <span class='ocrx_word' id='word_1_520' title='bbox 1339 5028 1353 5086; x_wconf 80' lang='lat' dir='ltr'><strong>c‘</strong></span> <span class='ocrx_word' id='word_1_521' title='bbox 1376 5021 1603 5102; x_wconf 74' lang='grc' dir='ltr'><strong><em>θεραπευόμενος</em></strong></span> <span class='ocrx_word' id='word_1_522' title='bbox 1619 5021 1667 5080; x_wconf 79' lang='grc' dir='ltr'><strong>ὑπ’</strong></span> <span class='ocrx_word' id='word_1_523' title='bbox 1688 5019 1781 5078; x_wconf 75' lang='grc' dir='ltr'><strong><em>αὐτῶν</em></strong></span> <span class='ocrx_word' id='word_1_524' title='bbox 1802 5017 1923 5079; x_wconf 56' lang='lat' dir='ltr'><strong>histor</strong></span> <span class='ocrx_word' id='word_1_525' title='bbox 1944 5021 2061 5088; x_wconf 71' lang='grc' dir='ltr'><strong><em>τελευτᾷ»</em></strong></span> 
     </span>
    </p>
   </div>
   <div class='ocr_carea' id='block_1_5' title="bbox 357 5121 987 5286">
    <p class='ocr_par' dir='ltr' id='par_1_6' title="bbox 357 5121 987 5286">
     <span class='ocr_line' id='line_1_42' title="bbox 357 5121 768 5202; baseline -0.015 -16"><span class='ocrx_word' id='word_1_526' title='bbox 357 5130 482 5202; x_wconf 73' lang='grc' dir='ltr'><strong><em>καθαρὸς</em></strong></span> <span class='ocrx_word' id='word_1_527' title='bbox 499 5131 567 5186; x_wconf 79' lang='grc' dir='ltr'><strong><em>ἔσται</em></strong></span> <span class='ocrx_word' id='word_1_528' title='bbox 584 5127 652 5183; x_wconf 77' lang='grc' dir='ltr'><strong><em>κατὰ</em></strong></span> <span class='ocrx_word' id='word_1_529' title='bbox 670 5121 768 5199; x_wconf 87' lang='grc' dir='ltr'><strong><em>νόμον.</em></strong></span> 
     </span>
     <span class='ocr_line' id='line_1_43' title="bbox 495 5212 987 5286; baseline -0.02 -14"><span class='ocrx_word' id='word_1_530' title='bbox 495 5219 517 5286; x_wconf 74' lang='lat'><strong>⁸)</strong></span> <span class='ocrx_word' id='word_1_531' title='bbox 535 5218 697 5272; x_wconf 74' lang='lat' dir='ltr'><strong>uenantum.</strong></span> <span class='ocrx_word' id='word_1_532' title='bbox 710 5213 806 5282; x_wconf 82' lang='lat' dir='ltr'><strong>XXIII,</strong></span> <span class='ocrx_word' id='word_1_533' title='bbox 819 5214 934 5280; x_wconf 76' lang='lat' dir='ltr'><strong>dil-653</strong></span> <span class='ocrx_word' id='word_1_534' title='bbox 947 5212 987 5265; x_wconf 75' lang='grc'><strong>80.</strong></span> 
     </span>
    </p>
   </div>
   <div class='ocr_carea' id='block_1_6' title="bbox 0 0 2329 5696">
    <p class='ocr_par' dir='ltr' id='par_1_7' title="bbox 0 0 2329 5696">
     <span class='ocr_line' id='line_1_44' title="bbox 0 0 2329 5696; baseline 0 0"><span class='ocrx_word' id='word_1_535' title='bbox 0 0 2329 5696; x_wconf 95' lang='lat' dir='ltr'><strong> </strong></span> 
     </span>
    </p>
   </div>
  </div>
 </body>
</html>
