4622 5696
1026 427 1244 492 ,2)-

282 606 574 688 stravimus,neque
597 607 764 689 quisquam,
788 607 867 688 quod
890 606 1012 688 quidem
1035 607 1136 679 sciam,
1159 606 1188 669 id
1212 607 1241 668 in
1266 606 1477 669 dubitationem
1499 607 1618 669 vocarit.
1658 602 1803 688 Equidem
1820 608 1989 690 intellegere

282 739 342 784 non
365 739 501 802 possum,
525 738 585 802 quo
608 721 672 783 inre
696 720 743 782 illa
766 721 812 782 lex
835 719 961 783 Draconi
985 718 1177 783 abiudicanda
1201 720 1248 782 sit.
1297 720 1390 782 lmmo
1414 718 1498 782 vero!
1531 739 1598 783 cum
1622 719 1745 783 Athenis
1767 719 1990 784 exercitationes

282 833 1090 916 gymnasticassemperindeliciisfuisseconstet1)
1119 843 1208 913 atque
1238 832 1355 914 saepius
1383 833 1506 894 iuvenes
1534 831 1565 893 in
1594 831 1740 913 palaestra
1766 853 1799 896 se
1821 845 1990 898 exercentes

283 947 454 1010 vulneratos
477 955 506 1008 et
527 946 699 1010 interfectos
723 965 790 1008 esse
812 945 873 1008 reri
896 945 1080 1009 simillimum
1103 946 1155 1020 sit,
1186 946 1277 1008 llraco
1301 945 1349 1008 ille
1372 945 1520 1024 legislator
1542 945 1781 1026 sapientissimus
1804 957 1883 1010 certa
1906 966 1991 1028 pras·

286 1069 367 1140 cepta
389 1057 426 1120 de
449 1059 537 1121 mede
567 1059 623 1121 hoc
651 1058 740 1120 modo
771 1057 927 1120 commissa
951 1057 1182 1140 praeseripsit¹).
1228 1060 1323 1139 litque
1353 1077 1421 1121 curn
1448 1057 1512 1121 illas
1540 1059 1618 1138 leges
1645 1059 1786 1122 omnibus
1809 1059 1992 1141 temporibus

287 1172 427 1253 populum
451 1170 676 1234 Atheniensium
701 1170 828 1233 coluisse
851 1171 1108 1252 perspexerimus,
1136 1171 1203 1252 quis
1226 1181 1271 1234 est
1294 1169 1344 1252 qui
1366 1171 1556 1254 Antiphontis
1578 1180 1673 1234 aetate
1695 1171 1772 1235 hanc
1794 1174 1888 1253 legem
1911 1191 1991 1236 non-

287 1284 355 1345 dum
378 1283 545 1346 innotuisse
568 1283 655 1346 nobis
677 1283 857 1364 persuadere
881 1279 1011 1346 audeat?
1047 1284 1193 1357 Quoniam
1218 1283 1307 1362 igitur
1329 1283 1548 1364 tetralogiarum
1572 1295 1675 1348 auctor
1694 1304 1759 1348 eam
1777 1303 1837 1347 non
1853 1287 1991 1367 respexit,

284 1413 340 1476 qua
374 1415 443 1458 reus
482 1395 647 1459 necessario
683 1394 879 1458 absolvendus
907 1405 936 1458 et
964 1396 1089 1458 omnino
1111 1415 1215 1459 causae
1237 1397 1383 1460 institutio
1406 1397 1443 1460 ab
1465 1396 1782 1490 iudicibus‘reiciends
1804 1408 1882 1476 erat,
1908 1399 1990 1462 illum

283 1525 321 1569 ne
344 1509 668 1588 praestantissimarum
693 1506 814 1588 quidem
837 1507 935 1587 legum
961 1508 1048 1570 ullam
1072 1510 1275 1589 cognitionem
1298 1509 1435 1573 hahuisse
1458 1511 1564 1574 clarius
1587 1511 1651 1574 luce
1674 1522 1728 1587 cst,
1758 1512 1869 1576 nedum
1892 1531 1991 1576 rerum

282 1620 449 1684 forensium
473 1631 503 1682 et
526 1621 639 1685 ordinis
661 1619 805 1683 iudiciahs
828 1620 1027 1701 peritissimus
1050 1619 1150 1684 fuerit.
1195 1620 1297 1702 Neque
1319 1639 1388 1683 vero
1410 1622 1623 1704 Antiphontem
1653 1633 1713 1686 tam
1741 1625 1875 1703 ignarum
1899 1623 1993 1688 fnisse

286 1735 357 1797 mihi
388 1735 535 1814 persuasi,
564 1753 654 1816 quem
684 1744 713 1798 et
738 1751 957 1815 saepenumero
987 1737 1066 1815 leges
1095 1735 1131 1797 de
1160 1737 1248 1798 caede
1275 1735 1347 1797 latas
1374 1733 1541 1816 laudasse⁸)
1569 1736 1680 1800 scimus
1707 1745 1736 1800 et
1762 1741 1935 1819 frequenter
1962 1739 1992 1800 in

284 1846 467 1910 orationibus
491 1850 528 1910 de
549 1847 663 1928 legibus
686 1849 850 1924 loeutum⁴)
875 1867 940 1911 esse
962 1857 1090 1922 constat,
1113 1865 1204 1928 quem
1227 1846 1263 1910 ad
1288 1846 1353 1909 illos
1377 1847 1456 1909 viros
1478 1865 1637 1910 numerare
1660 1846 1816 1922 debemus,
1846 1849 1896 1931 qui
1919 1849 1993 1913 iuris

284 1959 387 2041 peritia
420 1961 544 2024 maxima
575 1960 683 2025 imbuti
710 1981 764 2044 pro
794 1961 976 2026 orationibus
1008 1962 1039 2024 in
1068 1961 1192 2023 afiorum
1222 1981 1308 2024 usum
1338 1959 1512 2041 conscriptis
1543 1968 1697 2042 quaestum
1732 1965 1865 2024 fecerunt
1892 1961 1992 2042 (Phot.

286 2093 310 2135 c.
327 2072 413 2154 259).
454 2074 592 2137 Fortasse
614 2074 762 2157 quispiam
787 2075 893 2139 dixerit
916 2083 1077 2148 auctorem,
1101 2093 1170 2137 eum
1194 2073 1345 2137 interdum
1370 2092 1405 2134 ex
1421 2072 1566 2135 industria
1582 2081 1715 2136 oratores
1737 2075 1828 2153 legem
1844 2075 1992 2155 quandam

286 2187 405 2250 silentio
427 2189 684 2268 praetermiserint
705 2197 734 2250 et
758 2187 963 2251 defensionem
986 2187 1070 2249 aliter
1092 2206 1126 2249 ac
1147 2205 1202 2267 pro
1224 2185 1338 2267 legibus
1362 2184 1554 2258 instituerint,
1578 2185 1609 2247 in
1632 2185 1687 2248 bac
1707 2205 1825 2268 qnoque
1842 2187 1992 2267 tetralogia

285 2301 321 2362 ad
344 2299 484 2363 causidici
507 2281 633 2365 fallacias
657 2319 845 2382 progressum
874 2319 950 2364 esse.
993 2300 1071 2363 Sane
1099 2299 1220 2381 quidem
1250 2319 1340 2381 saepe
1368 2317 1385 2360 a
1412 2299 1545 2380 patronis
1568 2298 1626 2361 hoc
1647 2298 1804 2362 artificium
1827 2299 1992 2362 adhibitum

287 2423 340 2487 est,
363 2430 422 2494 quo
445 2411 559 2475 facilius
581 2413 784 2478 absolveretur
805 2432 884 2485 reus,
908 2414 933 2476 si
956 2419 1056 2475 orator
1079 2430 1198 2494 sperare
1220 2413 1318 2494 potnit
1340 2413 1413 2486 fore,
1437 2421 1470 2474 ut
1492 2410 1613 2486 iudices,
1637 2411 1686 2492 qui
1702 2421 1859 2492 praeerant
1875 2412 1993 2488 iudicio,

289 2526 347 2607 ipsi
367 2526 466 2605 legum
490 2542 550 2588 non
574 2525 644 2590 satis
667 2526 750 2607 gnari
774 2536 874 2590 essent
896 2536 947 2589 aut
969 2525 1126 2589 adversarii
1148 2525 1211 2588 illas
1235 2524 1363 2605 argutias
1386 2542 1449 2587 non
1464 2525 1743 2588 animadverterent.
1784 2525 1819 2586 ln
1834 2524 1889 2588 hac
1905 2535 1994 2589 tetra-

291 2638 364 2718 logia
379 2647 487 2701 auctor
509 2639 630 2702 adversa
653 2641 752 2703 fronte
776 2659 877 2702 secum
901 2657 1037 2722 pugnans
1060 2639 1204 2702 eiusmodi
1227 2636 1343 2700 artibus
1367 2637 1408 2700 uti
1432 2637 1538 2718 potuit,
1563 2647 1594 2700 ut
1616 2636 1648 2699 in
1671 2637 1835 2720 posteriore
1863 2637 1995 2702 oratiun-

290 2751 455 2814 cula-illam
478 2750 681 2815 infirmitatem
706 2751 863 2834 detegendi
886 2772 988 2816 ansam
1011 2753 1140 2816 baberet
1177 2752 1253 2814 Nihil
1277 2751 1420 2814 ridemus.
1458 2749 1537 2825 Quin
1561 2751 1648 2814 stiam
1672 2751 1820 2832 optimum
1844 2769 1994 2832 quomque

289 2863 469 2926 causidicum
493 2864 555 2927 lere
578 2873 608 2928 et
631 2865 864 2929 minutissimum
889 2866 1037 2948 quoddam
1062 2865 1133 2946 legis
1156 2873 1348 2946 praeceptum
1376 2863 1512 2926 omittere
1540 2863 1672 2945 potuisse
1698 2862 1844 2938 conced03
1872 2872 1901 2926 at
1928 2863 1995 2945 quis

289 2985 374 3059 putet
397 2977 611 3058 Antiphontem
636 2979 724 3042 huius
746 2979 834 3058 legis,
863 2998 938 3061 quae
967 2979 1031 3042 sine
1059 2979 1115 3040 ulls
1145 2977 1328 3040 dubitatione
1351 2977 1513 3039 notissimis
1536 2977 1756 3040 adnumeranda
1785 2986 1861 3051 erat,
1890 2976 1993 3040 rudem

288 3087 401 3153 fuisse?
447 3091 549 3171 Neque
577 3111 645 3155 rem
679 3109 906 3174 nonnumquam
943 3110 1011 3162 eos,
1048 3091 1099 3172 qni
1127 3109 1160 3152 se
1189 3090 1306 3153 eaedem
1336 3089 1445 3153 iustam
1473 3098 1604 3171 patrasse
1627 3087 1756 3152 confessi
1779 3098 1863 3161 sunt,
1893 3089 1925 3151 in
1948 3089 1995 3152 ius

290 3213 407 3267 rocetos
430 3222 495 3266 esse
518 3205 638 3285 ignoro,
668 3205 737 3287 qnia
765 3205 943 3286 saepissime
970 3202 1187 3284 ambigebatur,
1214 3221 1271 3284 qua
1293 3205 1444 3266 voluntate
1473 3211 1598 3266 mortem
1621 3201 1793 3265 intulissent
1814 3210 1865 3264 aut
1887 3202 1994 3283 quihus

292 3317 560 3380 machinationibus
582 3317 659 3398 leges
681 3317 885 3399 violasseotll.
923 3318 1049 3381 Tantum
1073 3326 1171 3381 autem
1195 3316 1286 3388 abest,
1310 3327 1343 3381 ut
1364 3317 1395 3378 in
1418 3317 1474 3379 bac
1495 3316 1645 3397 tetralogia
1669 3315 1727 3380 ulla
1750 3312 1894 3378 dubitatio
1909 3312 1995 3377 nobis

292 3429 389 3505 detur,
413 3449 469 3512 qus
493 3430 643 3493 voluntate
665 3432 837 3494 adulescens
860 3431 1050 3505 interfecerit,
1068 3441 1102 3492 ut
1124 3431 1223 3513 potius
1247 3437 1400 3492 accusator
1421 3429 1486 3510 ipse
1509 3429 1699 3493 homicidium
1722 3427 1890 3492 inconsulto
1913 3446 1996 3490 com-

290 3543 414 3606 missum
444 3561 510 3605 esse
537 3543 752 3620 coruscarunt).
808 3544 923 3618 Quibus
950 3542 1048 3606 verbis
1077 3543 1223 3606 concessit
1249 3560 1335 3605 reum
1364 3541 1472 3604 iustam
1503 3540 1624 3604 eaedem
1655 3551 1801 3623 patrasse;
1834 3558 1903 3602 nam
1933 3542 1995 3620 lege

288 3655 505 3738 praescriptum
540 3665 614 3718 erat:
654 3658 684 3720 si
714 3678 765 3730 τις
797 3654 833 3720 ἐν
861 3653 983 3730 ἄθλοις
1016 3641 1300 3718 excederemus
1316 3699 1323 3715 .
1342 3701 1348 3714 .
1366 3699 1397 3716 ..
1421 3651 1465 3738 μή
1493 3646 1638 3738 φεύγειν.
1695 3657 1790 3736 Atque
1824 3653 1994 3717 rectissime

289 3768 453 3850 Philippius
483 3768 513 3846 (l.
534 3787 560 3830 c.
579 3788 609 3849 p.
626 3768 675 3830 61.
702 3769 773 3847 123)
807 3788 925 3833 causam
960 3785 1126 3848 numquam
1161 3785 1226 3828 esse
1259 3767 1425 3830 institutam
1458 3785 1559 3830 coram
1590 3766 1738 3830 iudicibus
1766 3765 1992 3841 demonstrarit,

290 3881 427 3961 quotiens
450 3889 601 3943 accusator
623 3899 708 3946 reum
725 3880 862 3956 δικαίως
879 3883 1118 3965 πεφονευκέναι
1141 3881 1296 3944 coufessus
1319 3891 1405 3954 esset,
1429 3882 1481 3945 sed
1504 3883 1573 3945 satis
1595 3882 1688 3946 fuisse
1707 3882 1828 3945 casdem
1846 3881 1993 3945 caedmo-

295 3993 351 4056 niis
374 3993 550 4074 quibusdam
575 4003 604 4056 et
625 3994 733 4059 ritibus
756 3995 845 4058 saeris
869 3996 985 4077 expiari.

441 4106 497 4170 Sed
521 4107 709 4170 considerare
730 4127 901 4190 pergamus,
931 4129 990 4192 quo
1020 4111 1110 4174 modo
1138 4107 1287 4173 secundae
1309 4109 1479 4190 tetralogiae
1501 4110 1576 4174 actio
1598 4109 1809 4192 progrediatur.
1853 4109 1996 4174 interlin

295 4219 475 4282 oratiuncula
502 4227 616 4301 patrem
647 4221 689 4284 rei
721 4222 803 4285 illam
830 4223 968 4286 subtilem
1003 4222 1161 4304 perorandi
1187 4232 1280 4286 artem
1311 4221 1482 4287 adhibuisse
1510 4232 1664 4287 accusator
1691 4222 1900 4307 conqueritur,
1936 4242 1993 4304 qna

296 4331 409 4394 animos
431 4332 579 4408 iudicum,
602 4352 781 4416 quocunque
804 4337 886 4412 velit,
914 4337 1032 4400 trahere
1056 4339 1100 4399 vel
1122 4355 1226 4418 rapere
1248 4336 1343 4418 possit
1366 4355 1475 4419 eosque
1499 4337 1642 4419 impellat,
1670 4345 1703 4402 ut
1724 4337 1907 4402 voluntatem
1930 4335 1995 4400 eius

295 4443 441 4508 intuentes
469 4453 548 4508 totos
574 4465 608 4510 se
634 4449 669 4510 ad
699 4449 763 4512 eius
790 4456 897 4513 nutum
925 4458 1014 4532 atque
1040 4449 1195 4515 arbitrium
1224 4449 1420 4512 accomodent
1446 4459 1535 4532 atque
1565 4450 1658 4531 magis
1686 4451 1765 4514 illius
1794 4452 1996 4514 emolumento

426 4619 447 4684 ι)
465 4618 537 4672 Pind.
555 4617 627 4673 Nem.
648 4621 677 4685 V,
688 4622 722 4674 49
735 4622 799 4687 (89).

427 4705 447 4776 ²)
465 4707 604 4761 Prosterex
622 4707 696 4762 Plato
712 4709 756 4779 (de
775 4710 824 4776 leg.
843 4727 867 4778 p.
880 4711 941 4776 865)
960 4709 1076 4778 Delphici
1095 4709 1194 4762 oraculi
1219 4709 1291 4763 iussn
1314 4726 1368 4775 aas,
1395 4711 1438 4778 qul
1465 4712 1491 4764 in
1519 4712 1650 4782 palaestra
1669 4713 1770 4766 caedem
1794 4713 1995 4768 involuntariam

293 4801 447 4862 patrassent,
465 4795 539 4863 culpa
557 4795 682 4848 liberatos
701 4811 758 4848 esse
777 4804 890 4848 enarrat.
927 4797 982 4864 Qus
999 4813 1028 4850 re
1047 4797 1178 4851 Platonem
1198 4797 1270 4850 illam
1288 4798 1369 4864 lagen
1389 4814 1437 4850 noa
1456 4799 1538 4866 iprum
1556 4802 1717 4868 excogitasse
1735 4801 1762 4853 ln
1780 4808 1870 4870 sparto
1889 4808 1934 4855 stt

427 4881 449 4947 8)
467 4883 571 4950 nottpti.
584 4882 615 4947 V,
631 4884 677 4948 103
692 4885 805 4948 tt-tt;
819 4885 865 4948 8t3
879 4883 920 4937 88.
940 4885 982 4949 Vl,
996 4885 1023 4949 23
1036 4886 1068 4946 43
1081 4884 1111 4946 ὃς
1125 4883 1165 4936 38.

427 4969 448 5033 ⁴)
466 4967 631 5037 Pseudoplnt.
645 4969 676 5022 V.
689 4971 720 5022 t.
737 4967 786 5022 tut
802 4965 868 5028 τοὺς
885 4961 986 5040 νόμους
1002 4974 1048 5023 aul
1065 4966 1098 5023 ssi
1116 4962 1197 5037 πάθη
1214 4971 1323 5040 τρέπων
1339 4967 1403 5031 τοὺς
1419 4966 1523 5042 λόγους.

391 5099 396 5106 .
428 5053 450 5118 ⁶)
467 5055 537 5108 llaec
555 5073 584 5109 rs
603 5071 664 5108 vers
682 5056 720 5109 ita
738 5071 766 5109 rs
784 5056 878 5108 hahere
892 5071 924 5108 ex
938 5057 1029 5126 Lysias
1041 5057 1160 5110 oratione
1173 5059 1203 5110 ds
1218 5057 1396 5114 Eratosthenis
1410 5061 1539 5114 occisione
1551 5059 1639 5113 habits
1658 5066 1813 5125 coronatura
1831 5057 1864 5113 ef.
1877 5058 1995 5128 Philippi,

293 5140 345 5194 fler
364 5143 481 5210 Araopss
499 5157 524 5192 n.
543 5141 585 5193 dis
602 5141 724 5209 Epheson,
742 5158 764 5212 p.
778 5145 818 5196 60.
833 5144 890 5196 tat.

428 5227 448 5290 ο)
466 5229 539 5282 Bet
557 5224 655 5284 ἑκόντα
671 5227 723 5299 pta
741 5222 792 5286 οὖν
809 5227 858 5283 οὐκ
875 5229 995 5284 fuscani
1014 5224 1181 5298 ἀποκτεῖναι,
1199 5223 1299 5286 ἄκοντα
1317 5229 1352 5284 dt‘.
