4622 5696
1032 365 1253 427 ...29-

293 565 378 624 sitam
404 564 605 637 inveniamus:
634 585 700 627 narn
725 574 826 628 orator
848 585 931 630 rcnm
955 570 1020 630 sine
1044 571 1167 632 consilio
1191 569 1370 630 interfecisse
1394 586 1453 629 non
1482 571 1571 631 semel
1601 570 1651 632 sed
1681 569 1724 630 his
1753 569 1887 650 explieat:
1914 570 2021 658 ΓγΙ,

292 671 309 737 ὁ
337 670 375 738 δὲ
402 672 502 757 μείζω
527 669 571 740 ὦν
599 674 702 761 ἤθελε
729 669 875 761 πράξας,
907 681 1014 744 deinde
1043 677 1083 746 ὅν
1110 676 1169 746 οὐκ
1196 677 1316 765 ἢθελεν
1343 678 1543 745 ἀπέκτεινεν.
1595 683 1651 744 Sed
1682 699 1827 764 ponamus
1854 683 1993 763 Philippii

292 788 436 850 iudicium
469 797 582 852 rectum
614 811 693 866 esse3
723 793 792 872 qnid
820 791 991 856 lucramur?
1035 795 1177 858 Potuitne
1205 803 1371 864 aecusator,
1399 797 1455 858 nisi
1483 796 1539 858 ulla
1570 803 1669 856 mente
1692 804 1755 857 erat
1786 814 1909 866 vacuus,
1936 795 1995 856 hoc

295 903 380 964 modo
402 901 568 965 defensioni
592 905 781 985 respondere,
805 905 836 967 in
860 925 917 987 qna
941 925 1009 969 reus
1033 909 1108 971 hanc
1131 909 1224 989 legem
1242 917 1524 972 commemoraverat
1546 905 1697 990 (Γβόίό),
1722 926 1797 989 qnae
1819 907 1902 970 iubet
1924 927 1992 970 enm

292 1020 408 1074 tantem
433 1013 608 1076 homicidam
633 1035 707 1088 esse,
733 1017 783 1097 qui
806 1019 927 1080 alterius
952 1019 1025 1082 ritae
1048 1021 1205 1083 insidiatus
1229 1019 1322 1096 sit¹ll
1350 1021 1415 1094 Quo
1440 1023 1528 1085 modo
1552 1038 1669 1102 cunque
1694 1021 1809 1082 illorum
1835 1018 1992 1082 verborum

293 1125 468 1186 sententiam
498 1127 658 1200 vertimus,
689 1148 721 1190 ea
749 1131 896 1191 contraria
929 1151 1094 1214 parumque
1124 1134 1310 1196 concinentia
1335 1153 1399 1196 esse
1421 1133 1517 1196 verbis
1539 1135 1570 1194 in
1594 1131 1775 1195 oratiuncula
1797 1133 1892 1214 prima
1915 1137 1945 1208 (b
1961 1133 1992 1208 6)

293 1236 425 1317 prolatis,
454 1239 519 1318 quis
543 1248 588 1300 est
610 1241 681 1320 quin
706 1241 802 1321 primo
826 1242 931 1308 obtutu
955 1242 1071 1307 videat?
1114 1247 1270 1310 Praeterea
1293 1247 1318 1308 si
1342 1265 1374 1308 re
1397 1265 1482 1320 vera,
1506 1255 1539 1308 nt
1561 1245 1725 1326 Philippius
1748 1244 1898 1315 adfirmat,
1928 1265 1992 1306 am-

292 1349 410 1428 bigitur,
433 1369 490 1431 qua
514 1352 664 1416 voluntate
685 1371 754 1415 reus
777 1355 896 1416 caedem
920 1359 1089 1436 patraverit,
1111 1377 1182 1420 num
1206 1359 1329 1420 consilio
1353 1377 1389 1420 an
1413 1359 1584 1421 inconsulto
1607 1358 1770 1420 accusatori
1786 1357 1886 1420 omnia
1902 1357 1993 1419 fuisse

290 1461 406 1523 vitands
429 1471 475 1525 ost
497 1465 675 1535 tenendum,
703 1466 810 1547 quibus
838 1485 923 1530 reum
950 1470 1148 1533 involuntarie
1176 1469 1367 1533 homicidium
1396 1471 1500 1534 fecisse
1528 1469 1765 1548 confitebatur¹).
1812 1469 1989 1551 philippium

290 1585 389 1636 autem
413 1576 443 1636 in
472 1575 661 1640 manifestum
687 1597 817 1641 errorem
841 1580 981 1644 incidisse
1004 1583 1091 1645 etiam
1115 1583 1273 1658 lilassius⁸)
1296 1584 1402 1656 sensit,
1431 1584 1497 1665 qui,
1527 1593 1636 1664 quanta
1660 1583 1814 1644 calliditate
1837 1590 1991 1644 accusator

291 1688 422 1749 obtineat
444 1688 506 1767 (Γγ
522 1691 554 1764 4)
578 1708 661 1751 reum
687 1692 824 1753 consulto
848 1693 966 1772 quidem
991 1695 1160 1758 verberasse
1182 1697 1381 1759 involuntarie
1403 1705 1502 1759 antem
1526 1697 1725 1768 interfecisse,
1753 1695 1919 1757 accuratius
1941 1713 1993 1755 ex-

290 1817 403 1879 ponere
427 1799 512 1880 plane
535 1802 645 1862 omisit.
690 1802 754 1874 Quo
785 1804 878 1882 magis
907 1805 1056 1869 offendere
1084 1809 1225 1870 debemus
1254 1809 1285 1871 in
1316 1829 1366 1882 eo,
1396 1810 1474 1890 quod
1502 1809 1532 1871 in
1556 1810 1670 1890 epilogo
1694 1807 1801 1887 (rat)
1823 1807 1934 1869 iudices
1957 1806 1992 1867 ab

291 1923 461 1973 accusatore
484 1924 661 1987 monentur,
691 1924 723 1976 ut
745 1934 828 1977 reum
853 1917 956 1997 capitis
980 1917 1163 1982 damnarent.
1208 1919 1311 2002 Neque
1334 1939 1403 1983 rere
1427 1941 1459 1982 ex
1484 1922 1596 2000 legibus
1619 1921 1722 1983 Atticis
1745 1920 1785 1990 is,
1814 1919 1864 2000 qui
1886 1919 1992 1981 incon-

292 2025 369 2086 sulto
394 2036 559 2098 necaverat,
584 2035 681 2088 morte
704 2028 823 2089 multari
846 2029 952 2110 potnit.

435 2139 624 2202 Postremum
649 2148 803 2202 accusator
824 2142 866 2202 rei
890 2152 1107 2222 argumentum,
1131 2165 1189 2226 quo
1212 2147 1418 2209 demonstrare
1441 2146 1540 2209 studet
1563 2147 1625 2226 (Γβ
1640 2147 1672 2216 4)
1700 2143 1847 2207 medicum
1871 2163 1903 2206 re
1925 2162 1993 2204 vera

292 2269 357 2312 esse
380 2250 617 2324 interfectorem,
646 2253 824 2330 redarguere
846 2263 979 2318 conatur.
1023 2257 1131 2337 Legem
1157 2259 1234 2320 enim
1260 2268 1375 2320 exstare
1398 2266 1517 2330 monet,
1546 2267 1579 2320 ut
1601 2258 1733 2320 medicus
1756 2274 1873 2338 semper
1895 2255 1993 2318 caedis

291 2363 374 2444 culpa
398 2363 537 2425 liberetur
559 2363 620 2444 (l'r
636 2365 679 2438 5l3
709 2384 795 2445 quam
828 2367 919 2446 legem
948 2369 979 2429 in
1003 2369 1187 2433 strictioris
1211 2372 1312 2433 codice
1335 2372 1381 2433 his
1403 2371 1499 2434 verbis
1522 2389 1690 2452 expressam
1715 2369 1805 2432 fuisse
1827 2375 1992 2448 comparata

292 2475 379 2538 simili
403 2477 480 2557 apud
504 2477 657 2539 Platonem
681 2477 808 2540 formula
831 2481 997 2543 concedere
1019 2501 1078 2543 non
1102 2502 1234 2563 possum.
1281 2485 1362 2546 Plato
1389 2483 1439 2565 (de
1461 2485 1517 2564 leg.
1532 2484 1582 2550 lx.
1605 2483 1710 2554 stant
1742 2483 1819 2546 enim
1843 2481 1991 2543 medicum

291 2608 353 2650 non
381 2590 571 2652 condemnari
599 2599 759 2663 asseverat,
795 2590 851 2654 nisi
879 2593 1015 2656 consulto
1046 2605 1197 2676 aegrotum
1228 2596 1302 2659 mala
1331 2616 1400 2658 cura
1431 2599 1587 2660 necaverit.
1637 2596 1749 2669 Quodsi
1780 2601 1933 2657 accusator
1960 2593 1991 2654 in

291 2702 345 2764 hac
373 2703 557 2766 oratiuncula
588 2701 761 2765 vocabulum
790 2699 880 2768 ἄκων
901 2706 1015 2769 adicere
1038 2708 1153 2782 omisit,
1183 2709 1239 2771 hoc
1266 2711 1474 2774 tantummodo
1501 2711 1565 2772 fieri
1595 2709 1706 2790 potuit,
1735 2716 1768 2770 nt
1791 2706 1939 2769 defensori
1961 2704 1991 2766 in

291 2815 471 2876 oratiuncula
505 2826 608 2896 quarta
641 2835 712 2877 ansa
744 2826 822 2879 esset
856 2819 995 2880 omnibus
1029 2821 1126 2882 modis
1161 2822 1319 2884 ostendere
1353 2821 1531 2885 accusatoris
1558 2821 1735 2884 sententiam
1766 2818 1931 2882 claudicare
1958 2836 1993 2878 ac

291 2925 416 2988 fucatam
441 2929 535 3007 legem
559 2946 625 2989 esse
649 2928 777 2991 citatam.
822 2928 901 2992 Nihil
928 2931 1073 2993 eiusmodi
1100 2933 1268 3005 invenitur,
1297 2935 1348 2996 sed
1379 2933 1486 2996 ieiunis
1515 2933 1611 2996 verbis
1638 2943 1781 3015 patronus
1805 2931 1912 2994 iterum
1937 2930 1991 2993 ad-

290 3039 387 3100 firmat
411 3040 555 3101 medicum
581 3057 701 3102 necasse
725 3059 821 3120 neque
845 3043 933 3103 ullam
959 3045 1138 3106 accusatoris
1161 3045 1316 3109 uerborum
1340 3048 1484 3110 rationem
1508 3047 1598 3111 habet
1621 3044 1683 3123 (Γδ
1697 3044 1740 3124 8).

432 3153 490 3214 Sed
513 3153 547 3214 ad
572 3151 787 3216 oratiunculam
811 3163 944 3235 quartam
969 3175 1126 3237 pergamus
1149 3158 1363 3221 illustrandam.
1406 3165 1518 3223 ductor
1544 3178 1628 3221 reum
1660 3157 1733 3220 urbe
1754 3157 1916 3221 excessisse
1937 3154 1991 3216 ad·

290 3265 483 3327 versariorum
509 3265 775 3328 machinationibus
798 3269 986 3347 perterritum
1017 3279 1105 3349 atque
1131 3271 1209 3334 illam
1239 3272 1402 3334 orationem
1432 3273 1467 3336 ab
1488 3273 1591 3340 ,amieo
1623 3272 1750 3354 quodam
1773 3269 1874 3331 haberi
1897 3268 1990 3347 fingit·

289 3376 365 3438 Num
389 3378 452 3458 lege
475 3379 570 3442 Attica
593 3379 771 3459 permissum
796 3380 887 3442 fuerit
908 3389 977 3461 post
999 3382 1041 3444 rei
1069 3383 1168 3463 fugam
1200 3394 1357 3464 patronum
1386 3385 1536 3467 quendam
1560 3385 1590 3447 in
1612 3385 1655 3447 rei
1678 3385 1771 3466 ipsius
1794 3384 1891 3445 locum
1916 3380 1990 3444 snb-

288 3490 369 3551 stitni
393 3500 423 3552 et
446 3490 556 3552 indices
585 3491 673 3554 altera
702 3492 835 3553 oratione
862 3502 1014 3572 perorata,
1043 3513 1117 3574 quae
1144 3513 1196 3558 reo
1224 3515 1363 3559 concessa
1394 3507 1468 3570 erat,
1499 3497 1660 3559 sententias
1688 3492 1927 3576 pronuntiauisse
1956 3509 1990 3554 ex

290 3620 353 3664 mea
378 3603 496 3684 quidem
520 3604 660 3684 opinione
684 3621 744 3666 non
767 3604 869 3685 liquet,
893 3625 959 3668 cnm
983 3627 999 3668 a
1022 3606 1171 3669 veteribus
1194 3607 1269 3670 nihil
1293 3609 1452 3672 memoriae
1475 3609 1624 3690 proditum
1649 3609 1696 3671 sit.
1734 3607 1786 3669 Vix
1810 3617 1908 3669 antem
1931 3605 1990 3668 reri

288 3715 383 3776 simile
413 3715 542 3792 videtur,·
572 3717 693 3778 Athenis
723 3716 802 3778 enim
830 3718 877 3779 lex
906 3726 983 3791 erat,
1011 3728 1045 3779 ut
1073 3719 1278 3802 unusquisqne
1305 3721 1367 3801 ipsc
1396 3722 1426 3784 in
1454 3721 1564 3785 iudicio
1594 3739 1647 3802 pro
1678 3740 1710 3784 aa
1738 3719 1863 3791 diceret,
1893 3736 1991 3797 neque

289 3829 426 3890 causidici
451 3838 550 3900 erant,
574 3830 624 3910 qni
647 3849 701 3910 pro
724 3829 786 3890 aliis
810 3849 927 3893 causam
962 3833 1128 3911 agerentb:
1157 3833 1210 3895 etsi
1241 3852 1402 3916 synegoros
1438 3835 1489 3916 qui
1512 3835 1650 3896 dicuntur
1673 3832 1813 3895 adhibere
1835 3830 1941 3893 licebat
1962 3839 1991 3893 ct

288 3941 316 4002 in
340 3943 504 4004 accusando
529 3943 611 4006 etin
635 3941 832 4015 defendendo,
857 3953 889 4004 ut
911 3943 953 4005 illi
975 3945 1148 4024 saepissime
1171 3965 1202 4008 re
1225 3965 1291 4009 uera
1313 3957 1414 4027 partes
1436 3954 1557 4030 agerent
1579 3953 1609 4010 et
1624 3945 1720 4008 oratio
1735 3943 1872 4025 synagori
1896 3942 1990 4004 multo

422 4133 443 4200 ¹)
462 4135 527 4198 nst
544 4130 593 4186 τὸν
609 4131 664 4204 γάρ
681 4124 914 4198 ἐπιβουλεύσαντα
930 4125 1030 4188 κελεύει
1047 4131 1074 4200 (ὁ
1093 4131 1190 4204 νόμος)
1209 4138 1295 4207 φονία
1313 4135 1392 4204 slvere,
1411 4156 1473 4207 quse
1492 4141 1535 4192 lex
1553 4153 1608 4190 eum
1620 4137 1716 4190 Atticis
1730 4137 1756 4188 is
1771 4137 1918 4188 universum
1931 4151 1990 4186 cco·

289 4220 386 4286 spirare
404 4221 516 4286 videtur,
535 4219 567 4272 ef.
580 4221 674 4271 Antioc.
687 4220 718 4272 de
730 4227 806 4289 myst.
824 4219 885 4287 §st
905 4207 984 4279 οὗτος
1001 4218 1017 4273 ὁ
1035 4215 1172 4292 sciptor...
1186 4221 1242 4275 ἔστι
1255 4261 1295 4276 ...
1313 4221 1360 4276 τὸν
1377 4215 1562 4292 βουλεύσαντα
1579 4224 1609 4280 ἔν
1627 4225 1665 4293 τῷ
1684 4218 1757 4292 αὐτῷ
1781 4222 1928 4292 ἐνέχεσθαι
1943 4223 1991 4274 καὶ

288 4302 336 4358 τὸν
353 4306 385 4378 τῇ
400 4307 474 4376 χειρί
491 4296 686 4376 ἐργασάμενον.

420 4391 441 4460 ²)
460 4393 551 4444 hlirum
570 4394 595 4444 in
614 4394 713 4444 modum
731 4391 844 4457 ignatius
863 4393 891 4457 (l.
905 4408 926 4443 c.
940 4409 962 4460 p.
977 4393 1021 4460 88)
1038 4396 1069 4446 de
1081 4396 1161 4448 tertis
1174 4397 1312 4462 tetrslogia
1327 4397 1461 4460 iudicarit,
1478 4396 1520 4463 qui
1535 4403 1564 4448 ut
1575 4397 1788 4460 controuersiam,
1806 4395 1836 4448 de
1849 4411 1898 4462 qus
1910 4409 1988 4461 suprs

289 4479 419 4546 copiosius
436 4479 614 4544 disseruimus,
633 4481 746 4544 tolleret,
766 4493 798 4530 ex
816 4479 863 4529 hsc
882 4480 1020 4546 tetrslcgis
1040 4483 1130 4548 colligi
1148 4499 1223 4550 posse
1241 4484 1291 4536 sibi
1311 4484 1383 4536 risus
1402 4490 1441 4534 est
1459 4482 1526 4534 ister
1545 4477 1634 4552 φόνον
1656 4473 1781 4536 ἑκούσιον
1804 4481 1833 4534 fn
1856 4483 1991 4549 προνοίας

289 4573 315 4616 et
332 4557 420 4633 φόνον
437 4555 564 4618 ἑκούσιον
582 4561 647 4619 ἄνευ
665 4569 798 4636 προνοίας
815 4565 879 4633 apud
899 4567 1069 4620 Athenienses
1092 4585 1205 4634 maguum
1229 4569 1364 4622 discrimen
1390 4569 1583 4634 intercessisse,
1610 4569 1725 4636 quemvis
1747 4568 1881 4635 uniusque
1903 4567 1989 4619 csedls

289 4665 394 4718 poenam
414 4651 565 4718 supplicium
583 4649 664 4704 feisse
683 4653 849 4704 constitutum
869 4653 1028 4720 prohtestur.
1066 4655 1136 4722 Quas
1155 4657 1240 4723 opiulo
1259 4657 1322 4708 mihi
1339 4657 1438 4724 quidem
1456 4663 1553 4710 terame
1571 4657 1597 4708 Ιο
1622 4657 1731 4709 metten
1754 4655 1854 4724 prolsts
1878 4654 1989 4717 videtur,

288 4737 378 4804 quippe
396 4753 411 4788 s
429 4753 475 4805 qus
494 4753 548 4790 cem
568 4739 611 4790 lex
629 4739 655 4790 Ιο
674 4739 758 4806 lepide
777 4739 813 4802 (C.
826 4739 844 4791 l.
855 4741 885 4792 Α.
896 4739 940 4805 bl)
958 4740 1038 4792 ineisa
1057 4749 1110 4793 tum
1128 4744 1201 4794 loeus
1220 4744 1284 4810 epod
1297 4743 1488 4795 Demosthenen
1507 4751 1627 4796 serrstus
1641 4745 1690 4806 (or.
1704 4741 1777 4806 xxt,
1789 4741 1822 4794 fd
1835 4741 1863 4794 ol
1874 4741 1989 4810 φονατοΙ

293 4817 387 4892 νόμον)
406 4817 538 4892 scirpis
554 4823 584 4876 fs
600 4827 735 4896 προνοίας
752 4821 968 4882 ἀποκτιννύντας
985 4823 1098 4896 θανάτῳ
1115 4831 1162 4880 καί
1185 4823 1314 4898 ἀειφυγίᾳ
1336 4831 1383 4881 ναί
1408 4825 1537 4896 δημεύσει
1563 4828 1618 4881 seis
1644 4818 1827 4896 ὑπαρχόντων
1853 4827 1990 4895 ζημιοῦσι,

288 4904 349 4968 τοὺς
366 4908 390 4962 δ’
409 4907 545 4968 ἀκουσίως
563 4909 690 4968 cidissus
707 4912 754 4962 set
772 4914 978 4981 φιλανθρωπίας
995 4911 1095 4976 πολλῆς
1112 4911 1237 4980 ἠξίωσαν,
1258 4914 1290 4967 αΙ.
1308 4917 1418 4968 Aristot.
1435 4917 1493 4968 llth.
1511 4932 1591 4978 mago.
1605 4916 1623 4980 l,
1636 4915 1661 4978 bt
1681 4928 1832 4982 nsgnopsre
1851 4913 1988 4979 discrepet.

290 4996 389 5064 Optime
407 4997 569 5048 llerrliehies
588 4998 616 5062 (l.
629 5015 650 5048 e
665 5014 689 5066 p.
703 4996 718 5048 'l
731 4997 779 5063 sq.)
798 4998 828 5049 de
846 4998 892 5048 bsc
912 5014 940 5050 rs
959 5000 1020 5064 egit,
1038 4998 1071 5052 ef.
1090 4999 1210 5068 Philippi,
1228 5001 1278 5053 Der
1297 5004 1416 5071 Areopag
1434 5019 1458 5054 ιι.
1476 5003 1517 5055 die
1534 5003 1658 5068 llphetes,
1676 5017 1698 5070 p.
1712 5001 1744 5053 23
1757 5016 1793 5067 sq.

423 5081 445 5147 ³)
464 5083 510 5134 llis
528 5089 573 5134 stt.
594 5083 751 5137 beredesnb.
765 5081 805 5145 ΙΙΙ,
820 5083 835 5133 2
848 5099 872 5150 p.
885 5083 948 5150 ³283
961 5084 995 5150 1¹,
1008 5101 1031 5154 p.
1047 5087 1096 5138 tot
1111 5085 1174 5138 nte.
1187 5087 1211 5138 b.

423 5169 444 5236 ⁴)
462 5169 627 5232 Schoemsnn,
646 5170 783 5237 Antiquitt.
796 5185 819 5236 p.
832 5169 893 5222 282.
