4622 5696
1069 370 1287 436 ..10-

332 551 520 624 Pausanias¹l
547 551 656 614 Tisiam
691 569 757 612 cum
796 549 899 627 Gorgia
926 549 1056 612 Athenas
1093 549 1207 610 venisse
1242 556 1352 618 narrat,
1385 555 1419 609 ut
1448 547 1587 609 auxilium
1621 565 1673 626 pro
1704 547 1857 610 Leontinis
1891 556 2027 628 peterent

331 663 387 740 (Ol.
408 663 639 740 titillata).
685 663 743 724 Sed
767 663 1036 743 quomodocunque
1059 681 1106 722 ros
1139 680 1204 723 sese
1227 660 1324 730 babet,
1360 661 1389 721 in
1411 660 1582 720 uuiversum
1606 659 1796 721 statuendum
1821 661 1907 722 nobis
1930 671 1974 722 est
1995 661 2025 724 iu

331 777 492 855 tetralogiis
516 777 631 837 inlirrna
654 783 769 836 tautum
792 784 843 836 aut
865 775 987 836 omnino
1014 774 1094 834 nulla
1124 772 1230 835 indicia
1260 773 1367 843 inesse,
1398 771 1505 851 quibus
1535 778 1664 850 tempus,
1691 790 1752 851 quo
1775 791 1826 833 eae
1849 773 1908 834 sint
1931 773 2026 836 ‹lirul-

330 895 422 964 gataa.
445 887 539 967 aliqua
562 905 627 948 cum
653 887 857 965 probabilitate
880 886 996 948 deliniri
1012 885 1113 965 possit.
1152 885 1190 946 Ut
1204 894 1302 945 aulem
1320 902 1414 945 noram
1432 884 1601 962 opinionem
1618 884 1804 963 complectar,
1828 885 1873 946 illa
1891 887 2027 958 narratio,

331 1019 418 1080 quam
437 999 611 1060 Plutarchus
636 998 793 1060 memoriae
817 997 946 1067 tradidit,
971 998 1079 1059 nullius
1102 998 1243 1058 momenti
1266 997 1381 1057 uidetur
1405 1015 1483 1069 essm
1505 997 1605 1076 potins
1628 999 1658 1058 in
1681 997 1849 1058 fabellarum
1867 1015 2026 1061 numerum

331 1111 496 1190 recipienda
521 1119 574 1178 est,
600 1131 632 1171 ex
658 1129 713 1189 qua
737 1110 865 1172 fortasse
880 1110 1076 1190 cognoscitur,
1099 1129 1175 1188 quae
1191 1119 1360 1189 argumenta
1377 1109 1526 1189 sophistae
1544 1109 1662 1170 Periclis
1678 1111 1780 1170 aetatis
1803 1117 1929 1170 tractare
1948 1111 2028 1172 soliti

330 1224 390 1285 siut
412 1231 441 1284 et
464 1242 521 1302 qua
543 1222 671 1295 ratione;
704 1231 791 1302 atque
813 1242 828 1283 a
854 1223 1010 1285 Plutarcho
1038 1223 1085 1284 illa
1114 1221 1210 1284 tabula
1241 1223 1387 1303 copiosius
1414 1221 1553 1302 explicata
1577 1229 1630 1290 est,
1666 1231 1698 1283 ut
1731 1231 1838 1301 quanta
1873 1223 2027 1302 sagacilate

332 1335 457 1397 Pericles
482 1335 724 1414 pbilosophorum
750 1355 830 1396 more
854 1354 887 1397 ac
910 1334 1024 1397 ratione
1046 1334 1197 1412 ingenium
1220 1353 1307 1396 snum
1332 1334 1443 1396 acuerit
1466 1333 1593 1413 penitius
1617 1333 1820 1414 perspiciatur.

470 1448 669 1508 'l'ranseamos
693 1464 774 1507 nnnc
788 1447 822 1508 ad
839 1447 961 1508 alteram
979 1447 1148 1525 opinionem
1166 1466 1253 1527 quarn
1271 1448 1492 1527 expendendam
1510 1446 1702 1524 sumpsimus,
1727 1465 1823 1525 nuper
1838 1465 1853 1506 a
1871 1447 2025 1525 Spengelio

330 1559 519 1638 disceptatum
544 1561 596 1621 sad
619 1560 696 1620 nulla
720 1560 790 1621 dunt
816 1557 960 1636 probabili
984 1560 1098 1620 ratione
1121 1561 1297 1639 expeditam.
1340 1558 1367 1620 ls
1383 1559 1461 1618 euim
1479 1560 1645 1637 tetralogiae
1661 1559 1873 1638 Antiphonteas
1890 1559 1915 1619 ei
1932 1559 2027 1621 libello

330 1671 456 1730 insertas
479 1690 543 1732 esse
565 1671 707 1748 sagaciter
730 1669 896 1747 coniecit¹),
920 1669 971 1749 qui
993 1672 1104 1748 τέχναι
1128 1667 1297 1752 ῥητορικαὶ
1320 1671 1500 1743 inscribitur,
1536 1679 1567 1732 ut
1590 1671 1642 1738 eis,
1675 1669 1778 1750 quiin
1809 1671 1864 1731 boc
1886 1673 2027 1750 opusculo

330 1783 443 1844 labores
466 1801 499 1843 ac
520 1783 616 1845 studia
640 1784 824 1852 collocarent,
859 1783 988 1861 exempla
1012 1783 1046 1844 ad
1070 1781 1247 1845 imitandum
1272 1793 1519 1863 proponerentur,
1554 1792 1654 1864 postea
1678 1794 1775 1845 autem
1805 1783 1874 1843 inde
1902 1792 2029 1844 resectas

331 1913 404 1956 essa.
449 1895 528 1956 Talia
551 1895 627 1955 iacta
651 1913 715 1954 esse
738 1894 804 1955 licet
826 1894 871 1955 alii
895 1894 950 1956 sibi
973 1895 1179 1974 persuadeant,
1202 1915 1255 1974 ego
1278 1905 1311 1958 nt
1333 1897 1449 1958 credam
1474 1913 1533 1956 raon
1556 1897 1640 1957 facile
1656 1915 1670 1956 a
1688 1913 1736 1955 me
1752 1894 1925 1972 impetrabo,
1949 1897 2028 1975 quod

329 2008 474 2087 Spengelii
499 2007 641 2068 sententia
664 2014 745 2068 cerlo
769 2007 963 2068 lundameoto
987 2017 1073 2076 caret,
1097 2008 1267 2087 pracsertim
1291 2027 1358 2070 eum
1383 2009 1430 2072 ille
1453 2009 1495 2070 vir
1523 2009 1626 2069 doetus
1660 2007 1747 2068 nullis
1778 2007 1874 2068 verbis
1903 2009 2027 2068 damon-

329 2120 473 2191 straverit,
504 2137 591 2198 quam
616 2117 653 2179 oh
676 2137 738 2180 rem
761 2117 827 2180 illac
850 2118 1049 2180 oratiunculae
1072 2139 1108 2180 ex
1130 2130 1191 2181 arte
1215 2121 1360 2184 rlretorica
1380 2129 1533 2200 excerptae
1556 2121 1618 2181 sint
1640 2129 1691 2180 aut
1713 2139 1768 2199 qua
1792 2128 1895 2191 aetate,
1929 2137 2027 2200 nequa

329 2233 421 2292 ullum
445 2241 525 2293 extet
548 2231 806 2308 grammaticorum
830 2230 1044 2304 testimonium,
1078 2250 1137 2311 quo
1160 2240 1238 2294 certa
1262 2233 1375 2294 ratione
1399 2233 1543 2294 evincitur
1566 2233 1643 2293 illam
1666 2233 1835 2311 opinionem
1871 2251 1936 2294 esse
1959 2251 2028 2311 pro-

328 2343 465 2404 bandam.
509 2346 679 2418 Quaerunt
703 2343 740 2404 ita
769 2361 835 2404 sese
868 2344 1003 2408 babeant.
1041 2344 1131 2405 uibilo
1161 2345 1261 2405 minus
1293 2343 1467 2424 liayserus⁸l
1495 2344 1645 2423 Spengelii
1673 2345 1872 2404 conirrcturam
1906 2345 2029 2406 summis

329 2457 464 2518 laudibus
488 2456 598 2518 extulit.
644 2455 702 2517 Sed
726 2455 822 2516 adbuc
839 2455 952 2516 nemini
968 2456 1038 2516 dum
1053 2455 1184 2516 virorum
1202 2457 1369 2527 doctorum,
1392 2465 1534 2536 quantum
1557 2457 1627 2522 scio,
1651 2455 1782 2534 contigit,
1806 2464 1838 2516 ut
1853 2456 1916 2516 aliis
1932 2456 2028 2536 aliqua

329 2589 362 2630 ex
386 2577 468 2648 partu
491 2571 629 2647 probaret
650 2567 686 2628 ab
702 2567 881 2646 Antiphonte
898 2567 1083 2628 Rhamnusia
1106 2577 1199 2629 artem
1228 2568 1386 2629 oratoriam
1415 2587 1478 2630 esse
1510 2569 1693 2646 divulgatam.
1739 2566 1879 2628 Nonnulli
1906 2570 2027 2648 quidem

330 2691 443 2742 veteres
465 2681 623 2760 scriptores
647 2689 677 2741 et
698 2679 877 2741 Graecorum
901 2687 930 2740 et
952 2681 1151 2741 Romanorum
1175 2681 1203 2741 in
1228 2682 1372 2742 eiusmodi
1389 2681 1488 2760 operis
1504 2680 1539 2741 ab
1556 2679 1738 2758 dutipbonte
1759 2680 1829 2742 editi
1845 2680 2024 2740 mentionem

328 2793 543 2869 incideruut⁴);
567 2809 634 2853 cum
658 2811 726 2852 vero
749 2791 806 2851 iam
831 2790 932 2852 Pollux
956 2789 1025 2852 illud
1051 2793 1183 2873 spurium
1201 2793 1453 2872 existimaveritll,
1478 2802 1536 2854 tota
1560 2792 1690 2872 quaestio
1707 2792 1737 2854 in
1755 2792 1876 2854 dubium
1894 2798 2025 2852 revocata

331 2906 417 2978 eall).
461 2903 572 2978 Quodsi
594 2903 722 2965 Pollucis
744 2904 914 2966 testimonio
938 2904 1070 2982 neglecto
1094 2905 1217 2966 aliorum
1240 2905 1416 2986 scriptorum
1440 2905 1581 2966 iudicium
1604 2905 1757 2984 sequimur
1783 2911 1812 2965 et
1839 2913 1931 2964 artem
1959 2920 2026 2963 ora-

332 3019 437 3082 toriam
452 3016 633 3095 ,Antiphonti
657 3015 755 3076 deberi
779 3017 978 3084 concedimus,
1002 3035 1069 3078 cum
1092 3017 1169 3078 illius
1193 3018 1303 3083 aetatis,
1327 3035 1383 3097 qua
1407 3018 1535 3096 Antipho
1558 3017 1667 3089 llornit,
1690 3035 1794 3077 omnes
1818 3021 1881 3076 lere
1896 3024 2025 3078 oratores

331 3129 484 3192 clarissimi
509 3127 692 3207 eloquentiae
714 3136 865 3207 praecepta
889 3128 993 3189 litteris
1015 3128 1155 3188 mandare
1178 3127 1254 3190 soliti
1271 3129 1339 3202 sint,
1362 3129 1452 3190 nihilo
1469 3129 1565 3190 secius
1582 3127 1729 3208 Spengclii
1745 3128 1911 3190 coniectura
1935 3137 2027 3190 tetra·

330 3245 420 3320 logias
443 3242 497 3303 arti
520 3241 683 3302 rhetoricae
705 3241 831 3302 insertas
854 3240 947 3301 luisse
971 3241 1049 3302 nulla
1072 3259 1103 3300 re
1126 3243 1317 3304 confirmatur
1340 3251 1429 3322 atque
1451 3241 1566 3303 dillicile
1590 3249 1634 3302 est
1663 3241 1753 3312 dictu,
1787 3259 1842 3320 qua
1873 3242 1909 3302 rle
1939 3259 2024 3303 causa

330 3366 381 3418 ant
403 3356 510 3436 quibus
533 3352 716 3432 temporibus
739 3371 790 3413 eae
811 3352 881 3414 inde
903 3362 1033 3415 resectae
1056 3363 1086 3413 et
1113 3353 1143 3413 in
1173 3353 1338 3415 orationum
1368 3352 1535 3432 capitalium
1568 3371 1693 3414 numero
1728 3353 1840 3433 positae
1869 3353 1936 3414 sint.
1982 3351 2024 3414 bd

330 3471 407 3531 banc
429 3465 616 3529 dubitationis
640 3483 756 3526 causam
780 3483 891 3526 novum
914 3473 1120 3544 argumentum
1137 3465 1275 3527 accedere
1291 3467 1415 3538 ridetur,
1441 3485 1498 3544 quo
1515 3465 1663 3544 Spengelii
1683 3466 1828 3526 sententia
1846 3465 2026 3544 profligatur.

330 3577 537 3656 hmrnonins')
560 3577 638 3638 euim
661 3578 861 3657 fragmentum
885 3597 920 3638 ex
943 3577 1131 3658 Antiphontis
1155 3586 1217 3638 arte
1241 3578 1365 3639 oratoria
1391 3580 1529 3640 baustum
1553 3578 1714 3639 memoriae
1744 3576 1879 3649 tradidit;
1912 3584 2028 3638 enarrat

329 3705 425 3757 autem
449 3700 595 3754 oratorem
619 3691 648 3752 in
671 3697 734 3750 arte
757 3691 892 3752 docuisse
915 3689 1036 3751 verbum
1060 3699 1198 3770 σημεῖον
1220 3691 1254 3750 ad
1278 3691 1442 3770 praeterita,
1465 3688 1640 3772 τεκμήριον
1662 3690 1697 3750 ad
1722 3689 1820 3750 lutura
1838 3688 2024 3750 referendum

329 3827 403 3868 csse.
449 3804 505 3866 Sed
528 3803 744 3880 tetralogiarum
769 3810 918 3864 auctorem
944 3804 1074 3879 regulam
1097 3803 1175 3865 illam
1199 3821 1259 3864 nou
1283 3821 1346 3865 esse
1369 3812 1504 3864 secutum
1528 3802 1635 3864 elarius
1663 3803 1728 3864 luce
1756 3800 1960 3877 cognoscimus
1990 3816 2025 3860 ex

328 3919 424 3982 verbis
437 3916 605 3994 tetralogiae
618 3917 718 3978 tertiae
730 3913 792 3992 (Γά
799 3913 831 3987 21
844 3909 862 3976 o‘
874 3913 935 3994 pir
947 3907 1004 3976 οὖν
1012 3910 1139 3975 διώκων
1151 3908 1321 3977 obsoletior
1330 3904 2028 3998 τεκμηρίοιςχρώμενοςτοῦτοντὸνᾶρξαντά

328 4047 410 4116 φησι
434 4027 557 4102 stood).
602 4027 703 4107 ltaque
725 4028 892 4106 tetralogiae
915 4026 968 4088 arti
991 4027 1155 4089 rhetoricae
1178 4045 1238 4089 nou
1262 4027 1388 4089 insertas
1412 4027 1504 4088 luisse
1527 4025 1693 4089 necessario
1722 4021 1911 4086 statuendum
1941 4021 2026 4084 nohis

331 4166 541 4179 —.—-—-

460 4230 481 4290 ¹)
500 4229 606 4278 Pausan.
626 4225 666 4288 Vl,
689 4227 744 4292 l'l‚8
762 4225 794 4279 cl.
815 4227 894 4286 lilaea,
913 4227 953 4278 die
973 4227 1027 4278 btt.
1047 4227 1104 4278 liar.
1126 4225 1165 4290 1²,
1179 4228 1209 4281 21

462 4313 651 4382 11Συναγοιγὴ
670 4313 778 4381 τεχνῶν.
798 4329 820 4381 p.
843 4314 889 4364 119
901 4329 938 4380 sq.

461 4403 480 4467 ³)
498 4402 588 4452 libain.
608 4401 672 4452 Μιιο.
692 4398 747 4464 ΧΙΙ,
760 4399 818 4451 224.

461 4491 482 4552 ⁴)
501 4487 607 4554 Quintil.
628 4484 758 4550 ltl‚l,11.
795 4485 903 4550 Longis.
922 4487 952 4537 de
972 4487 1022 4535 ior.
1043 4483 1119 4536 Wala
1136 4483 1181 4540 lx,
1195 4485 1252 4534 bib.
1273 4484 1433 4552 Pseudoplnt.
1456 4485 1484 4537 V.
1502 4485 1530 4536 Α.
1545 4483 1593 4533 832
1607 4481 1635 4532 ll.

459 4577 480 4636 ⁶)
499 4576 587 4625 0norn.
606 4571 647 4633 Vl,
664 4571 721 4622 lla:
748 4561 932 4640 ἀπαρασκεύῳ
955 4571 985 4624 έν
1004 4573 1059 4628 τοῖς
1078 4574 1142 4641 περὶ
1170 4567 1301 4636 ἀληθείας
1317 4567 1451 4641 Ἀντιιηῶν
1473 4568 1559 4634 εἶπεν,
1585 4560 1828 4637 ἀπαρασκεύαστον
1855 4563 1885 4618 ut
1913 4565 1942 4619 ἐν
1968 4569 2026 4625 ταῖς

326 4667 478 4741 ῥητορικαΐς
495 4665 614 4728 τέχναις·
634 4657 743 4709 δοκοῦσι
761 4652 820 4708 d’oo’
838 4649 953 4726 γνήσιοι.

458 4751 480 4814 ⁶)
516 4746 638 4799 liobmius
651 4745 676 4804 ll.
690 4760 711 4792 c.
727 4742 744 4807 Ι,
757 4745 788 4794 25
803 4745 849 4812 sq.)
863 4743 1028 4796 dillloultatea
1043 4743 1138 4794 tollere
1151 4750 1257 4794 conatus
1275 4751 1322 4805 eat,
1343 4744 1408 4808 qnod
1422 4743 1502 4794 verba
1515 4743 1628 4795 denarios
1640 4735 1704 4806 d'oai
1723 4731 1833 4808 γνήσιοι
1846 4746 1904 4808 post
1922 4739 2024 4790 verbnm

326 4837 401 4892 οἳπεν
419 4839 497 4905 ponit,
517 4841 545 4885 ut
565 4833 641 4884 lectio
666 4831 720 4882 liat:
741 4819 926 4898 ἀπαρασκεύῳ
943 4827 973 4883 έν
988 4833 1044 4887 τοῖς
1061 4833 1125 4899 περὶ
1143 4826 1273 4900 ἀληθείας
1287 4827 1421 4898 Ἀντιφῶν
1439 4827 1528 4882 εἶπεν·
1555 4829 1669 4880 δοκοῦσι
1688 4821 1749 4878 d’od
1772 4817 1888 4894 γνήσιοι.
1913 4817 2024 4891 ἀπαρα-

326 4917 474 4978 σκεύαστον
492 4920 520 4973 dl
539 4919 568 4971 έν
587 4921 644 4974 ταῖς
662 4917 816 4990 ῥητορικοῖς
833 4919 945 4985 τέχναις.
982 4917 1052 4982 Quae
1069 4919 1217 4968 coniectura
1234 4918 1264 4968 ad
1286 4919 1348 4966 banc
1367 4932 1418 4966 rem
1437 4918 1623 4982 exqrcodeodam
1644 4933 1691 4966 rrao
1712 4916 1816 4966 multum
1836 4913 1913 4962 valet.

458 5010 477 5068 l)
498 5025 521 5057 ν.
548 5007 672 5074 σημεῖον·
699 5006 813 5073 σημεῖον
838 5005 883 5054 καὶ
909 4997 1054 5074 τεκμήριον
1081 5001 1204 5074 διαφέρει
1229 5000 1363 5070 Ἀντιηιῦν
1391 5000 1421 5052 έν
1447 4999 1478 5071 τῇ
1504 5003 1595 5073 τέχνη·
1627 4999 1660 5052 τά
1691 5002 1874 5072 παρῳχημένα
1902 4999 2028 5063 σημείοις

323 5097 503 5158 πιστοῦσθαι,
525 5088 556 5142 τὰ
576 5089 604 5142 δέ
623 5092 723 5160 prim
751 5093 920 5162 τεκμηρίοις.

458 5183 479 5248 ⁸)
496 5179 628 5232 invenitor
646 5181 758 5249 σημεῖον
774 5182 819 5244 Ad
831 5180 855 5243 5,
868 5197 886 5246 y
899 5177 922 5230 8.
947 5177 986 5244 Γγ
999 5175 1024 5240 3,
1041 5171 1188 5246 τεκμήριον
1204 5172 1252 5225 Ad
1266 5173 1305 5224 lli.
1327 5173 1366 5224 ru
1376 5174 1403 5239 ²3
1417 5173 1440 5224 3.
