4622 5696
1015 355 1222 422 -Ῑη..,

265 547 332 618 post
356 535 475 614 triginta
499 534 628 596 virorum
657 533 893 606 dominationem
922 531 1075 605 abolitam,
1103 535 1155 614 qui
1180 534 1323 597 Draconis
1353 541 1383 595 et
1403 533 1522 595 Solonis
1546 533 1625 610 leges
1648 541 1828 604 everterant,
1857 532 1967 594 liberae

265 650 306 711 rei
330 647 466 729 publicae
489 649 624 718 formam,
651 646 744 726 qualis
767 653 852 708 antea
875 644 974 720 luerit,
998 665 1063 708 esse
1086 647 1300 710 restituendam
1325 646 1475 709 decretum
1500 645 1587 722 est¹t
1633 646 1748 709 Solonis
1771 647 1858 726 leges,
1882 663 1968 707 men-

264 779 360 836 suras,
383 762 514 842 pondera
538 759 737 839 Draconisqne
760 757 929 820 sanctiones
952 757 1122 821 retinendas
1146 777 1219 822 esse.
1257 758 1318 820 Nec
1341 759 1440 821 minus
1463 770 1595 822 oratores
1618 760 1766 840 permulti,
1791 759 1842 840 qui
1867 769 1968 839 postea

265 875 363 952 legum
394 872 561 952 capitalium
594 870 778 934 mentionem
806 869 934 944 iaciunt,
968 872 1121 952 scriptoris
1154 889 1265 934 nomen
1300 870 1459 954 addunt¹),
1492 874 1532 936 ita
1559 883 1592 934 ut
1627 874 1728 953 paucis
1759 882 1875 934 ertum
1906 871 1969 933 aliis

268 985 387 1048 adiectis
408 1003 514 1046 omnes
536 1002 631 1064 usque
653 983 688 1046 ad
713 983 919 1046 Demosthenis
942 993 1067 1047 aetatem
1090 985 1153 1046 illas
1175 986 1252 1064 leges
1275 986 1403 1065 riguisse
1426 1004 1480 1066 pro
1503 995 1585 1048 certo
1608 987 1779 1048 habeamus.
1815 986 1969 1047 Praeterea

270 1109 489 1181 peropportune
512 1097 651 1178 contigit,
682 1097 761 1178 quod
785 1105 887 1160 extant
910 1097 1013 1178 lapidis
1035 1100 1212 1178 fragmenta,
1247 1099 1297 1178 qni
1321 1099 1460 1161 Draconis
1483 1098 1561 1178 leges
1589 1099 1755 1176 exbibetl),
1786 1109 1818 1161 ut
1844 1099 1874 1159 in
1900 1099 1970 1159 uni-

271 1229 386 1274 versnm
414 1208 596 1274 constituere
625 1208 791 1291 possimus,
822 1227 896 1290 quae
925 1211 1004 1288 leges
1036 1228 1069 1271 re
1097 1227 1161 1272 vera
1189 1213 1224 1272 ad
1249 1211 1426 1274 Draconteas
1455 1213 1598 1291 genuinas
1629 1213 1776 1292 pertinere
1807 1211 1971 1282 videantur,

271 1345 344 1407 quae
371 1334 472 1406 postea
503 1325 560 1388 illis
587 1324 753 1405 adscriptae
780 1324 851 1386 sint.
896 1323 994 1386 Diocle
1022 1323 1101 1388 enirn
1128 1326 1270 1388 archonte
1293 1325 1337 1388 ut.
1355 1325 1475 1398 xultt
1505 1325 1655 1388 decretum
1680 1325 1826 1405 quoddam
1850 1332 1971 1385 senatus

269 1439 431 1522 populique
453 1438 677 1502 Atheniensium
701 1442 810 1502 lactum
835 1445 892 1511 est,
922 1447 955 1499 ut
977 1437 1049 1520 lapis
1073 1446 1288 1510 exstrueretur,
1319 1456 1378 1518 quo
1401 1439 1541 1500 Draconis
1563 1440 1642 1518 leges
1665 1439 1774 1499 incisae
1797 1444 1894 1506 erant,
1922 1435 1973 1515 qui

268 1569 365 1632 nuper
387 1554 523 1632 repertus
546 1559 602 1613 est.
639 1551 793 1631 Leguntur
817 1560 915 1613 autem
939 1551 1025 1612 baec:
1047 1547 1107 1614 τόν
1123 1546 1311 1632 Δράκοντος
1332 1545 1435 1632 νόμον
1456 1547 1599 1633 τὸμττιρὶ
1621 1551 1680 1614 τοῦ
1704 1547 1807 1634 φόνου
1831 1545 1972 1646 οἰναγρμ-Ι

269 1661 409 1748 podicem
431 1655 464 1726 oi
487 1659 679 1748 ἀναγραφῆς
701 1663 766 1726 τῶν
787 1657 899 1745 νόμον
921 1654 1171 1745 παραλαβόντες
1193 1661 1286 1742 παρὰ
1308 1662 1366 1725 τοῦ
1387 1662 1485 1742 (κατὰ
1515 1664 1717 1745 πρυτανείαν
1745 1662 1974 1744 γραμμα)τέως

272 1777 329 1860 τῆς
357 1775 478 1861 βουλῆς
504 1770 622 1860 ἐστήλη
653 1773 770 1856 λιθίνῃ
799 1775 855 1838 aori
884 1776 1097 1839 παραθέντων
1122 1769 1277 1856 πρόσθεν
1306 1773 1362 1858 τῆς
1392 1775 1491 1848 στοᾶς
1519 1777 1576 1858 τῆς
1602 1773 1784 1855 βασιλείας.
1836 1773 1974 1848 Quamvis

277 1890 357 1952 valde
380 1889 540 1952 dolendum
563 1889 601 1951 sit
623 1889 704 1952 hunc
726 1888 854 1970 lapidem
878 1897 1045 1969 temporum
1072 1887 1178 1951 invidia
1207 1897 1344 1952 vexatum
1374 1898 1403 1952 et
1425 1889 1612 1952 dilaceratum
1638 1909 1704 1951 esse
1728 1888 1826 1951 multis
1851 1886 1975 1954 lacunis.

276 2021 348 2083 quae
370 2001 465 2066 adhuc
487 2001 622 2064 nondum
646 2002 742 2083 aliqua
765 2019 832 2064 curn
855 1999 1063 2082 probabilitate
1084 2001 1239 2064 restitutae
1261 2012 1342 2077 sunt,
1367 2011 1399 2064 nt
1413 2003 1571 2064 maximam
1588 2002 1686 2082 legum
1705 2001 1843 2064 Draconis
1860 2009 1973 2080 partem

274 2135 307 2178 ex
336 2135 372 2176 eo
400 2115 436 2177 ad
465 2112 590 2176 verbum
620 2113 784 2188 videamus,
810 2123 910 2177 nmen
941 2113 973 2176 in
1003 2113 1175 2177 universum
1203 2115 1300 2194 leges,
1330 2135 1403 2196 quas
1430 2137 1465 2180 ex
1496 2127 1648 2180 oratorum
1671 2116 1835 2178 httieomm
1859 2113 1975 2192 scriptis

275 2227 471 2308 cognorimus
493 2227 640 2309 imprimis
668 2246 704 2290 ex
726 2228 934 2291 Demosthenis
962 2227 1097 2290 oratione
1122 2229 1154 2291 in
1178 2231 1388 2292 Aristocratem
1417 2230 1514 2292 habita
1544 2248 1612 2292 curn
1641 2229 1745 2308 illis⁴),
1776 2245 1849 2308 quas
1880 2225 1976 2306 lapide

275 2341 384 2404 incisas
407 2357 487 2403 nunc
508 2339 661 2415 habemus,
685 2356 850 2422 conmnere
872 2341 1034 2422 apparetlt.

419 2451 479 2516 Nos
501 2453 622 2534 quidem
644 2454 690 2516 his
713 2454 882 2535 praemissis
905 2454 940 2515 ad
964 2453 1150 2536 propositum
1175 2463 1312 2518 nostrum
1336 2464 1531 2518 transeamus.

420 2567 514 2646 hique
541 2566 667 2648 primam
695 2568 878 2646 tetralogiam
907 2567 1035 2631 breviter
1062 2568 1211 2632 absolvere
1244 2589 1418 2651 possnasus,
1454 2571 1532 2651 quod
1564 2589 1667 2632 causae
1694 2569 1853 2642 institutio,
1887 2585 1976 2646 quam

280 2686 380 2740 orator
402 2677 459 2739 sibi
479 2675 580 2752 linxit,
607 2679 637 2743 in
661 2679 817 2744 manifesto
840 2689 895 2742 est.
941 2681 1017 2743 Ciris
1040 2681 1158 2761 qnidam
1182 2692 1270 2745 noctu
1294 2702 1361 2745 eum
1383 2702 1469 2746 semo
1492 2702 1507 2745 a
1530 2701 1621 2745 coena
1643 2682 1760 2744 rediens
1783 2679 1977 2742 obtruncatus

279 2808 377 2872 neque
407 2801 506 2853 tamen
534 2791 718 2854 vestimentis
745 2791 889 2873 spoliatus
919 2802 973 2856 est.
1017 2796 1058 2856 lle
1085 2795 1223 2857 dominus
1251 2795 1368 2876 quidem
1400 2796 1500 2866 statim
1536 2796 1613 2858 illico
1647 2795 1775 2856 animam
1811 2792 1979 2873 exspiravit,

274 2921 391 2966 serrum
421 2913 519 2966 autem
550 2904 592 2977 ei,
619 2903 670 2985 qui
695 2903 783 2985 primi
814 2906 1011 2979 advenerunt,
1042 2907 1195 2970 etiamtum
1225 2909 1321 2971 rivum
1349 2917 1555 2990 reppererunt.
1599 2908 1801 2986 Interrogatus
1824 2905 1860 2968 ab
1884 2905 1977 2968 inter-

277 3017 343 3078 iecti
366 3015 541 3098 propinquis
563 3016 600 3078 de
623 3016 736 3079 domini
759 3018 906 3082 occisione
933 3019 964 3081 in
992 3037 1200 3100 percussorum
1225 3039 1352 3084 numeru
1375 3023 1612 3086 inimicissimum
1637 3021 1748 3084 domini
1773 3020 1922 3102 quendam
1945 3037 1978 3078 se

281 3128 433 3209 agnovisse
461 3127 559 3191 edicit.
604 3127 716 3201 Quibus
745 3131 842 3193 verbis
867 3133 951 3195 lactis
979 3150 1040 3196 non
1070 3133 1163 3196 multo
1193 3144 1260 3217 post
1286 3153 1391 3198 servus
1417 3157 1433 3198 e
1456 3137 1512 3197 vita
1538 3136 1671 3198 excessit.
1716 3133 1871 3196 Inimicum
1895 3132 1977 3193 illum

282 3242 396 3320 cognati
418 3241 607 3322 adfinesque,
647 3243 682 3304 ad
707 3261 781 3322 quos
804 3243 902 3306 caedis
924 3243 995 3306 ultio
1018 3245 1198 3325 pertinebat,
1227 3245 1325 3308 caedis
1354 3247 1476 3310 consilio
1499 3257 1629 3328 patratae
1651 3248 1681 3308 in
1705 3247 1751 3307 ius
1774 3254 1880 3306 vocant
1901 3243 1977 3323 apud

282 3353 511 3434 Areopagitas⁰l.
544 3354 766 3418 Condemnatus
788 3356 811 3418 si
836 3357 976 3420 iniustam
1000 3358 1119 3434 caedem
1143 3360 1281 3423 consulto
1303 3359 1487 3422 commisisse
1509 3359 1656 3422 iudicatus
1679 3368 1751 3431 crat,
1782 3358 1884 3438 capitia
1906 3375 1979 3437 snp-

282 3466 401 3546 plicium
429 3467 561 3538 subibat,
597 3467 655 3530 nisi
682 3478 767 3532 antea
796 3469 961 3533 voluntario
993 3469 1078 3533 exilio
1107 3471 1212 3534 urbem
1240 3472 1412 3553 reliquerat,
1447 3471 1583 3551 bonaque
1617 3471 1680 3533 eins
1710 3466 1978 3551 publicabantur⁷).

417 3719 440 3785 1)
458 3721 496 3772 lix
515 3722 657 3775 Andocidis
670 3722 788 3774 oratione
801 3722 832 3773 de
844 3723 977 3789 mysteriis
988 3725 1036 3776 hcc
1048 3733 1150 3778 constat
1162 3725 1190 3792 (ἃ
1204 3726 1259 3792 stt:
1278 3726 1370 3788 ἔδοξεν
1381 3729 1420 3795 τῷ
1432 3722 1520 3796 δήμῳ,
1535 3723 1700 3796 Τεισαμενὸς
1711 3723 1774 3779 εἶπε
1786 3716 1980 3777 πολιτεύεσθαι

279 3801 442 3874 Ἀθηναιους
459 3806 528 3860 κατὰ
548 3805 582 3860 τὰ
603 3799 713 3879 πάτρια,
732 3804 829 3878 νόμοις
847 3807 877 3874 dl
892 3811 1018 3881 χρῆσθαι
1035 3815 1090 3870 τοῖς
1106 3804 1240 3877 Σόλωνος,
1258 3815 1304 3866 καὶ
1320 3815 1430 3886 μέτροις
1445 3816 1491 3864 καὶ
1508 3815 1653 3882 σταθμοῖς,
1674 3814 1799 3884 χρῆσθαι
1816 3810 1845 3863 dl
1861 3813 1907 3863 seul
1923 3813 1980 3867 τοῖς

282 3889 440 3966 Δράκοντος
457 3897 583 3962 θεσμοῖς,
602 3886 701 3966 οἷσπερ
735 3887 882 3965 ἐχρώμεθα
900 3897 930 3950 ἔν
953 3896 991 3967 τῷ
1008 3892 1135 3967 πρόσθεν
1147 3897 1249 3969 χρόνῳ.
1268 3900 1300 3954 ci.
1320 3900 1440 3954 nesebin.
1458 3902 1485 3953 io
1505 3900 1631 3953 Timareb.
1650 3898 1720 3967 939.

415 3980 438 4044 ²)
455 3982 615 4034 Demestbeo.
634 3985 660 4033 la
680 3984 836 4035 Aristocrat.
854 3982 923 4049 tet.
942 3984 1043 4052 Leptin.
1062 3985 1148 4052 stes.
1168 3989 1193 4038 in
1212 3987 1306 4054 llnerp.
1326 3995 1352 4041 et
1370 3987 1478 4040 llaesib.
1497 3987 1567 4054 5¹11.

417 4067 441 4202 ξ
457 4065 673 4189 ἓοόιΑοιόῆόόσοι
692 4138 807 4190 virorum
826 4154 911 4202 caras,
937 4138 980 4203 qni
998 4137 1093 4204 lapidis
1115 4137 1215 4190 lacunis
1239 4137 1322 4204 legum
1345 4138 1463 4192 ier-malis
1485 4135 1608 4190 adhibitis
1631 4135 1820 4186 Aristocrateis
1848 4132 1981 4201 explendis

291 4239 387 4291 operam
405 4231 544 4288 navarent,
562 4240 612 4274 aon
632 4231 680 4290 est,
698 4225 762 4292 quod
782 4224 899 4292 pluribus
917 4227 1038 4290 repetam,
1056 4219 1088 4271 el.
1102 4216 1225 4284 lioebler,
1243 4217 1348 4272 llermes
1360 4219 1391 4286 ll,
1404 4222 1444 4272 27.
1472 4219 1564 4284 Bergk,
1581 4215 1835 4282 litterularum.
1862 4213 1982 4280 Philippi,

291 4308 338 4361 Der
355 4313 473 4377 Areopap
490 4327 514 4362 u.
533 4309 574 4362 die
594 4309 715 4377 preteo,
734 4327 756 4378 p.
770 4309 819 4361 3³3
832 4326 868 4378 sq.
1689 4359 1692 4378 ‚

419 4396 439 4463 δ)
457 4395 564 4448 Etiamsi
583 4395 710 4448 Dranhina
730 4396 775 4459 (De
793 4398 876 4461 legam
895 4395 1021 4462 formulis,
1043 4411 1105 4463 quae
1124 4395 1149 4446 in
1169 4394 1346 4447 Demosthenis
1366 4395 1543 4445 Aristocratea
1562 4391 1734 4459 reperiantur.
1757 4389 1884 4441 llissenae
1905 4389 1981 4454 tete)

290 4479 338 4532 ian
357 4481 425 4545 leges
444 4483 569 4548 singulas,
589 4498 693 4549 quarum
711 4481 837 4536 formulae
856 4484 881 4535 in
901 4485 1078 4537 Aristocratea
1098 4483 1211 4536 insertae
1229 4482 1405 4546 inveniuntur,
1424 4481 1511 4532 ordine
1530 4480 1677 4546 percensuit
1695 4485 1720 4528 et
1739 4492 1782 4527 eas
1801 4473 1875 4526 lictae
1895 4491 1982 4526 omnes

288 4573 315 4617 et
332 4570 521 4621 commenticias
540 4583 598 4620 ease
616 4569 809 4634 demonstrarit,
828 4579 912 4622 tamen
930 4571 992 4623 bene
1011 4569 1105 4623 lactan
1123 4577 1172 4634 eet,
1190 4571 1255 4637 qood
1273 4577 1377 4636 praeter
1393 4581 1477 4629 noant,
1495 4581 1558 4633 qaae
1576 4565 1686 4618 seconde
1710 4563 1765 4614 loeo
1789 4569 1981 4614 commemorata

288 4662 327 4706 eat
344 4655 428 4723 (pn),
454 4656 570 4722 reliquae
589 4671 674 4708 omnes
692 4658 766 4708 salva
784 4657 946 4725 antiquitatis
965 4658 1058 4710 notitia
1082 4657 1140 4710 tulli
1164 4657 1297 4723 delerique
1321 4661 1436 4722 poseant.
1471 4653 1533 4705 llam
1557 4669 1589 4704 ex
1617 4651 1731 4702 undecim
1751 4651 1832 4712 legana
1860 4647 1985 4712 termetis,

287 4743 391 4808 quaein
411 4742 457 4794 illa
476 4745 594 4794 oratione
613 4744 842 4810 deprehenduntnr,
860 4745 944 4794 decem
963 4744 999 4795 ita
1019 4752 1077 4794 sunt
1095 4760 1126 4795 ex
1146 4745 1257 4796 oratoria
1276 4741 1362 4794 verbis
1381 4756 1528 4808 expressae,
1547 4748 1575 4791 ot
1594 4739 1658 4790 nihil
1677 4735 1733 4789 lere
1751 4737 1908 4800 contineant,
1926 4736 1984 4804 quin

288 4843 319 4879 ex
338 4829 393 4896 ipsa
413 4830 530 4880 oratione
548 4829 676 4894 cognitum
694 4830 824 4882 habeatur.
916 4841 929 4898 ᾖ

422 4910 445 4972 ⁵)
462 4911 533 4960 Aah
552 4904 567 4961 ὁ
586 4904 706 4969 θάνατος
722 4911 912 4977 illaudabilis
929 4907 1109 4964 ἀποθανόντα
1125 4905 1220 4980 μηνύει
1239 4905 1329 4964 αὐτόν.
1357 4911 1389 4965 ci.
1409 4912 1526 4980 Philippi,
1551 4912 1601 4963 Der
1619 4912 1738 4974 Areopag
1757 4925 1781 4960 n.
1804 4909 1845 4959 die
1864 4907 1987 4975 Epheten,

287 5011 310 5062 p.
324 4995 408 5058 23124.
428 4995 529 5060 lleilel,
548 4983 615 5050 ther
632 4998 674 5049 die
692 5013 747 5062 sog.
764 4991 912 5063 βαόλευσις,
931 5015 953 5064 p.
967 4999 990 5048 l.

423 5081 444 5146 ⁷)
463 5082 622 5136 Demostheo.
642 5101 679 5137 or.
693 5085 734 5151 21,
745 5085 778 5135 43
797 5085 825 5136 οἱ
842 5083 950 5153 φονικοὶ
967 5077 1030 5139 τοὺς
1046 5081 1099 5151 μὲν
1120 5082 1150 5136 ἐκ
1172 5087 1307 5155 προνοίας
1333 5075 1549 5137 ἀποκτιννύντας
1574 5073 1687 5146 θανότρι
1714 5079 1760 5128 arel
1788 5077 1916 5147 ἀειφυγίᾳ
1942 5079 1986 5129 καὶ

288 5157 421 5236 δημεύσει
437 5167 492 5222 τῶν
508 5161 689 5241 ὑπαρχόντων
708 5169 886 5240 deprehensi.
902 5169 1029 5222 Demostb.
1042 5184 1079 5220 or.
1093 5169 1135 5234 2³,
1148 5170 1188 5222 69.
1208 5169 1328 5238 Philippi,
1340 5171 1357 5221 l.
1373 5187 1394 5220 e.
1408 5186 1430 5235 p.
1444 5169 1485 5220 96.

342 5250 558 5296 sebbettessen
573 5255 705 5308 Burgaraeb.
731 5257 790 5298 18⁹2.
1772 5253 1789 5308 3
