4622 5696
1072 369 1271 432 ..g-

323 535 471 620 ἀγνίζετε
494 546 563 622 (Ay
583 545 645 620 ll),
669 563 743 625 quae
768 543 853 606 rerba
877 546 1085 627 perspicuitate
1109 557 1225 620 carent;
1248 551 1371 609 lortasse
1387 545 1579 626 Harpocratio
1604 545 1759 625 scripserat
1782 541 1817 608 ἐν
1831 541 1860 624 β’
1877 543 2023 628 φονικῶν

325 656 385 719 sive
408 655 442 719 ἐν
466 654 720 740 δευτερολογιῶν
742 656 814 738 α’ί),
843 671 972 720 ceterum
1003 661 1096 722 codex
1129 659 1293 722 Marcianus
1321 659 1368 738 (t)
1403 659 1501 719 omisit
1533 658 1620 720 verba
1654 655 1689 720 ἐν
1721 657 1767 740 τῷ
1798 653 1837 738 β’,
1874 667 1905 719 ut
1937 659 2022 720 lacile

324 770 480 832 coniectari
505 771 599 850 possit
622 780 671 832 aut
695 771 934 848 interpolatorem
958 771 1106 851 quendam
1130 771 1176 833 illa
1200 773 1293 832 textui
1315 772 1478 832 inseruisse
1502 781 1552 831 aut
1575 771 1724 831 librarium
1754 770 1800 831 illa
1825 789 1883 831 uon
1907 771 2022 832 intelle·

321 893 439 963 gentem
464 883 616 945 delevisse.
660 889 753 963 Atque
777 885 864 946 etiam
894 886 923 946 iu
947 885 1106 946 Anecdotis
1138 883 1454 957 (l‚338ed.Beldrerl
1486 884 1531 945 illa
1560 882 1646 944 verba
1678 892 1814 962 corrupta
1838 893 1919 950 sunt.
1954 903 2021 946 uam

321 996 435 1058 codices
458 996 599 1076 praebent
621 997 790 1058 lectionem:
815 991 984 1073 ἁγνεύεται
1007 995 1066 1077 την
1088 993 1198 1060 πόλιν.
1225 992 1386 1074 Ἀντιφῶν
1409 990 1479 1057 ἀντὶ
1502 993 1561 1057 τοῦ
1582 992 1617 1056 ἐκ
1640 997 1835 1077 κατηγορίας
1858 989 2038 1076 (abnepos.

321 1107 426 1192 σήμοο
449 1103 521 1172 ἀντί
544 1109 602 1171 τοῦ
626 1105 801 1186 ἀγνίζεται.
847 1109 904 1170 Pro
937 1104 1106 1190 ἁγνεύεται
1137 1110 1225 1171 verbo
1254 1109 1379 1171 lormam
1408 1103 1557 1186 ἀγνεύετε
1586 1106 1771 1170 scribendam
1801 1126 1864 1170 esse
1891 1109 2020 1188 adparet,

320 1223 451 1302 itemque
473 1241 527 1302 pro
550 1216 716 1298 ἀγνίζεται
739 1216 899 1299 ἀγνίζετε,·
923 1241 978 1284 nec
1001 1221 1085 1283 aliter
1113 1222 1235 1283 delenda
1258 1231 1327 1284 sunt
1351 1219 1437 1284 rerba
1467 1216 1539 1283 ἀντὶ
1568 1219 1628 1282 τοῦ
1655 1231 1723 1301 post
1739 1214 1911 1304 Ἀντιφῶν,
1945 1240 2020 1301 quae

320 1335 386 1397 sine
409 1334 500 1397 dubio
523 1337 676 1397 oculorum
700 1353 799 1397 errore
822 1343 889 1396 nata
912 1345 991 1404 sunt,
1016 1343 1044 1397 et
1066 1335 1257 1397 inserendum
1281 1345 1326 1396 est
1349 1336 1471 1396 tortasse
1494 1333 1571 1395 inter
1589 1333 1677 1395 rerba
1693 1335 1892 1414 κατηγορίας
1906 1344 1935 1395 et
1951 1327 2018 1414 tui)-

322 1443 521 1529 τταρασήμοο
544 1447 716 1510 vrieabulum
742 1443 857 1530 φόνον,
873 1457 905 1508 ιιι
921 1447 1044 1509 omuino
1059 1447 1145 1510 lectio
1161 1447 1223 1510 fiat:
1237 1442 1399 1530 Ἀντιφῶν
1414 1443 1449 1508 ἐκ
1465 1447 1660 1528 κατηγορίας
1675 1441 1779 1527 φόνον
1795 1441 2019 1528 ἀπαρασήμοο

319 1555 392 1623 ἀντὶ
416 1561 474 1622 τοῦ
497 1554 653 1636 ἀγνίζετε.
699 1560 801 1641 Neque
825 1580 892 1622 vero
915 1559 1194 1640 praetermittendus
1217 1569 1262 1622 est
1284 1560 1433 1622 Ammonii
1457 1561 1549 1632 locus,
1574 1559 1623 1638 qui
1646 1559 1675 1619 in
1693 1557 1790 1621 libello
1807 1559 1844 1620 de
1861 1559 2018 1621 verborum

320 1671 483 1734 dillereutia
506 1673 671 1752 composito
695 1673 813 1752 inspicit
828 1666 1019 1754 ἐνθύμημα·
1044 1668 1061 1733 ὁ
1084 1673 1162 1752 γοῦν
1179 1667 1344 1753 Ἀντιφῶν
1366 1669 1401 1736 ἐν
1423 1681 1492 1744 τοῖς
1516 1681 1667 1752 φονικοῖς
1691 1687 1784 1754 φησι,
1803 1670 1945 1746 τεθνεώς
1962 1663 2017 1734 οὗ·

318 1805 373 1858 τος
396 1779 476 1866 ὑμῖν
507 1779 668 1865 ἐνθύμιος
689 1781 871 1867 ίγενήσεται
904 1786 976 1864 (Αγ
996 1785 1056 1861 10).
1101 1785 1210 1846 Eodem
1246 1793 1357 1864 spectat
1390 1785 1506 1857 Saldae,
1540 1785 1577 1845 cl.
1612 1802 1636 1844 v.
1671 1779 1884 1864 καταλαβεῖν·
1919 1781 1951 1847 oi
1982 1783 2019 1846 δὲ

319 1891 449 1980 ῥήτορες
471 1895 526 1958 καὶ
550 1894 608 1958 Arri
635 1897 694 1958 τοῦ
720 1893 885 1968 κολάζειν·
904 1893 1080 1978 Ἀντιφῶν·
1110 1895 1153 1978 μη
1182 1893 1333 1959 ἀναίτιον
1360 1892 1601 1976 καταλαβόντες
1629 1895 1685 1958 τὸν
1715 1898 1827 1960 αἴτιον
1854 1895 1931 1978 (Αά
1950 1899 1998 1974 ll)
2007 1925 2018 1974 ,-

319 2029 344 2068 v.
369 2003 493 2092 ἀνήκει·
513 2005 676 2092 Ἀντιφῶν
697 2005 771 2070 ἀνιί
794 2011 852 2072 τοῦ
874 2006 1054 2091 καθήκεθ)
1079 2009 1147 2086 (By
1164 2011 1209 2088 7).
1255 2009 1313 2070 lam
1338 2009 1538 2070 concludenda
1562 2008 1647 2070 uobis
1672 2019 1714 2070 est
1738 2009 1893 2072 verborum
1919 2012 2018 2072 series.

461 2123 543 2186 luter
566 2141 616 2184 eos
640 2124 714 2184 viros
739 2123 789 2203 qui
814 2123 886 2183 haec
910 2122 1046 2182 vocabula
1065 2122 1183 2182 maximi
1200 2122 1340 2201 ponderis
1357 2141 1421 2182 esse
1438 2122 1681 2184 existimaverunt
1697 2131 1726 2183 et
1741 2123 1810 2183 inde
1826 2123 1914 2184 statui
1931 2143 2018 2202 posse

319 2234 484 2314 tetralogias
508 2235 683 2316 Antiphonti
712 2235 894 2296 Rhamnusia
924 2234 1093 2294 tribuendas
1120 2252 1184 2294 esse
1214 2235 1325 2313 opinati
1357 2248 1428 2296 suut
1450 2234 1635 2297 blaetznerns
1666 2254 1725 2297 uon
1755 2235 1891 2296 ultimum
1920 2237 2016 2298 locum

320 2349 445 2410 obtinet.
499 2355 536 2408 At
562 2349 725 2410 rectissime
753 2347 1011 2426 Schoemannus³)
1041 2347 1094 2407 illis
1122 2346 1333 2427 leucographis
1367 2348 1518 2409 miniuraur
1553 2347 1640 2409 iidem
1673 2357 1703 2408 et
1731 2349 1935 2409 auctoritatem
1964 2350 2033 2422 ad<

320 2460 478 2522 bibendam
508 2480 572 2522 esse
600 2461 666 2522 ideo
696 2462 824 2533 monuit,
854 2461 934 2541 quud
962 2477 1103 2538 persaepe
1132 2468 1224 2520 artem
1254 2461 1382 2522 criticam
1412 2461 1604 2539 neglexerunt
1628 2479 1725 2540 neque
1748 2479 1880 2540 uuquam
1904 2463 1966 2524 lere
1988 2463 2016 2523 id

318 2573 475 2653 seriptum,
506 2593 540 2633 ex
571 2593 629 2654 quo
657 2573 743 2634 rerba
774 2575 1007 2652 exscripserunt,
1038 2582 1138 2633 utrum
1166 2573 1330 2650 genuinum
1360 2593 1397 2636 au
1418 2576 1566 2654 spurium,
1595 2575 1762 2636 accuratius
1785 2575 2015 2654 exquisiveruut.

318 2687 414 2766 Atque
437 2705 469 2747 re
491 2705 558 2748 rere
581 2705 648 2747 cunr
671 2687 700 2747 in
723 2687 787 2748 aliis
811 2687 912 2750 multis
936 2684 1103 2748 oratoribus
1126 2687 1394 2748 commemorandis
1418 2697 1480 2748 tum
1505 2688 1535 2748 in
1550 2686 1732 2767 Antiphonte
1755 2687 1902 2748 laudando
1918 2706 2014 2766 gram·

320 2799 418 2861 matici
443 2799 473 2860 iu
498 2800 638 2860 maxiums
663 2818 779 2861 errores
809 2799 985 2860 inciderunt.
1033 2798 1070 2860 Ut
1093 2798 1179 2876 igitur
1203 2799 1368 2878 exemplum
1394 2819 1485 2862 uuum
1511 2800 1653 2870 adferam,
1678 2799 1869 2879 llarpocratio
1893 2801 2016 2863 verbum

318 2906 618 2992 ovauotittpeeau
643 2913 855 2991 Antiphontem
877 2911 1092 2972 eranrnusium
1116 2911 1285 2972 adhibuisse
1310 2911 1400 2973 tradit
1422 2912 1451 2972 in
1475 2911 1582 2984 libello,
1606 2912 1656 2992 qui
1680 2911 1756 2991 περὶ
1780 2907 1945 2994 ἀληθείας
1966 2913 2016 2976 iu-

317 3023 470 3096 scribitur‚
499 3024 600 3084 l’ollnx
630 3035 729 3086 autern
760 3025 879 3104 (Onom.
897 3024 931 3096 ll,
948 3024 1002 3101 61)
1026 3022 1164 3085 vocabula
1189 3019 1345 3105 ἀνάπηρα
1372 3035 1401 3085 et
1433 3024 1551 3101 tunam.
1569 3025 1613 3090 vt.
1634 3024 1706 3103 143)
1735 3020 1956 3108 ἀπαρασκεύῳ
1984 3026 2016 3086 in

318 3137 422 3197 eodem
457 3137 598 3215 opusculo
633 3137 812 3217 deprehendi
840 3144 948 3198 narret.
999 3137 1071 3198 (lum
1101 3155 1170 3199 vero
1199 3139 1428 3215 llermogenesll
1459 3139 1538 3198 illum
1567 3137 1676 3198 librum
1703 3138 1739 3199 ab
1767 3139 1858 3199 altero
1887 3140 2014 3218 quodam

316 3249 499 3328 Antiphoute
522 3249 719 3330 compositum
743 3269 808 3311 esse
831 3268 885 3311 nos
908 3249 1049 3311 certiores
1072 3249 1185 3322 lecerit,
1207 3248 1254 3310 cui
1276 3267 1441 3328 cognomen
1465 3243 1707 3331 τερατοσκόπος
1731 3250 1774 3310 rel
1795 3245 2015 3332 ὀνειροκρίτης

316 3361 444 3422 inditum
468 3371 546 3430 erat,
568 3361 650 3422 facile
673 3372 717 3422 est
740 3361 903 3434 intellectu,
927 3380 1015 3441 qnam
1039 3362 1186 3424 contraria
1209 3371 1237 3424 et
1260 3381 1364 3442 parum
1388 3362 1467 3422 iuter
1489 3381 1521 3422 se
1544 3363 1729 3424 concinentia
1752 3363 1826 3423 haee
1848 3363 2013 3424 testimonia

316 3473 390 3545 sint,
418 3492 596 3554 rpnaurquam
620 3473 811 3553 Harpocratio
839 3493 906 3536 cum
935 3476 1094 3536 multarum
1120 3475 1308 3554 Antiphontis
1331 3475 1498 3536 orationum
1523 3474 1642 3536 nomina
1667 3475 1804 3554 tetigerit,
1833 3494 1907 3555 quae
1932 3475 2015 3536 aliter

316 3586 495 3664 sempiterna
519 3585 662 3647 oblivione
686 3598 786 3650 essent
809 3587 911 3660 deleta,
933 3587 995 3648 illas
1018 3588 1080 3666 ipse
1105 3587 1233 3666 penitius
1255 3589 1439 3667 perspexisse
1462 3587 1616 3664 videtnrl),
1656 3589 1763 3649 Contra
1781 3588 1884 3649 l'ollux
1899 3589 2013 3666 singula

317 3698 508 3777 Antiphontis
532 3699 639 3778 scripta
661 3699 708 3759 vix
733 3699 855 3779 perlegit
877 3709 928 3760 aut
950 3699 1073 3760 omniuo
1096 3701 1248 3777 cognorit,
1277 3700 1328 3762 sed
1359 3719 1394 3762 ex
1418 3698 1575 3770 memoria,
1603 3710 1636 3760 ut
1659 3701 1698 3761 illi
1721 3701 1751 3761 in
1777 3711 1904 3762 mentem
1929 3699 2015 3770 veuit,

316 3811 380 3871 sine
408 3810 589 3872 dubitatione
616 3812 813 3885 enumerarit;
841 3829 937 3891 neque
967 3812 1047 3874 enim
1078 3813 1163 3876 aliam
1193 3815 1357 3875 orationem
1385 3813 1560 3874 nominatim
1584 3813 1679 3874 adlert
1703 3813 1760 3872 nisi
1790 3812 1935 3885 libellum,
1965 3813 2014 3892 qui

317 3921 393 4004 περὶ
417 3917 578 4005 ἀληθείας
601 3932 730 3984 vocatur.
769 3924 809 3984 Ac
831 3923 965 4004 prolecto
989 3923 1108 4004 quidem
1131 3925 1188 3988 iam
1211 3926 1267 3988 illis
1290 3927 1358 3988 viris
1382 3926 1500 3987 difficile
1523 3932 1586 3986 erat
1609 3925 1784 3996 diiudicata,
1808 3945 1883 4006 quae
1906 3926 2014 4005 scripta

319 4036 493 4116 Antiphonti
520 4035 701 4097 Rhamnusia
730 4037 889 4098 addicenda
918 4045 1031 4110 essent;
1065 4055 1131 4097 nam
1161 4037 1350 4119 Antiphontis
1384 4057 1493 4101 nomen
1523 4039 1600 4117 apud
1628 4039 1823 4100 Athenienses
1852 4057 1912 4100 non
1941 4039 2014 4100 adeo

319 4167 418 4212 rarum
447 4149 538 4210 luisse
565 4159 693 4222 constat,
724 4169 791 4212 cnm
823 4151 909 4212 etiam
938 4151 967 4211 iu
999 4150 1091 4213 titulis
1114 4151 1216 4212 Atticis
1245 4152 1322 4213 illius
1350 4160 1380 4213 et
1410 4152 1496 4231 paulo
1525 4150 1672 4213 inferioris
1700 4151 1805 4214 aetatis
1828 4151 1945 4230 saepius
1967 4151 2014 4211 in-

320 4260 497 4340 veniatur⁷).
535 4261 753 4342 Saepenumero
776 4263 999 4343 lexicographos
1023 4265 1206 4327 coniecturas
1229 4265 1387 4345 protulisse
1410 4264 1600 4327 manifestum
1624 4273 1669 4326 est
1691 4283 1726 4324 ex
1748 4262 1861 4325 Caecilii
1877 4263 2016 4326 Calactini

452 4577 473 4642 1)
492 4577 574 4641 blase,
591 4576 636 4626 uie
655 4583 701 4626 att.
723 4576 882 4626 beredeamlr.
919 4577 948 4640 1¹,
968 4593 990 4644 p.
1008 4578 1063 4629 tat.

451 4663 474 4728 ²)
494 4662 525 4713 el.
543 4663 664 4714 Aneedot.
686 4662 723 4713 ed.
743 4661 842 4714 bekker
861 4661 880 4727 Ι,
898 4663 957 4727 403,
976 4665 999 4714 5.

449 4749 472 4814 ³)
490 4748 576 4800 Jalrrb.
594 4747 636 4800 l'tir
654 4749 723 4800 wisa.
743 4746 831 4800 Ariste
852 4750 924 4812 1839,
945 4749 973 4813 ll,
991 4749 1050 4801 482.

451 4837 472 4900 ⁴)
491 4835 581 4888 Pollux
600 4834 700 4896 (Onam.
714 4833 743 4898 ll,
764 4835 823 4900 tac)
841 4835 952 4886 eiusdem
971 4836 1088 4887 vocabuli
1106 4839 1256 4888 mentionem
1277 4835 1338 4888 lacit
1357 4853 1435 4904 neque
1454 4837 1590 4905 seripturis
1609 4851 1696 4888 noman
1715 4837 1802 4888 adicit.

451 4923 473 4988 ⁵)
491 4923 597 4974 llhetor.
617 4923 706 4976 Graec.
726 4923 763 4972 cd.
783 4921 891 4989 Spengel
910 4921 939 4986 ll,
958 4923 1016 4972 Alb.

451 5009 472 5074 ⁶)
491 5009 611 5061 Memoria
642 5009 775 5060 tenendum
803 5017 844 5058 est
871 5009 1094 5076 llarpoerationem
1127 5010 1196 5060 nullo
1222 5011 1277 5060 loeo
1299 5025 1432 5060 enarrasse
1460 5011 1563 5061 verbum
1592 5011 1657 5076 quod
1676 5011 1782 5076 respicit
1799 5025 1832 5061 ex
1852 5006 2015 5074 Antiphontis

319 5097 465 5149 Rhamnusii
484 5097 587 5163 seriptis
606 5099 721 5148 haustum
740 5111 806 5160 esse,
824 5095 867 5146 sed
886 5095 996 5146 strictim
1015 5103 1111 5146 tantum
1131 5111 1161 5148 ex
1181 5097 1344 5163 Antiphonte.

451 5183 471 5247 ἵ)
493 5182 567 5249 Corp.
587 5183 703 5250 inscript.
724 5182 805 5236 Attis.
825 5180 843 5247 l,
863 5181 925 5246 1403
943 5182 1006 5247 3183
1024 5181 1082 5235 4³3.
