4622 5696
1046 353 1236 412 -η-

281 528 390 591 iudicio
406 529 618 608 Antiphontem
635 529 813 610 Thucydidis
838 531 1009 610 magistrum
1034 529 1167 606 luisse¹l.
1206 529 1284 590 [loos
1307 536 1406 590 autem
1430 528 1590 608 scriptores
1613 531 1668 590 hoc
1691 530 1810 592 nornine
1832 531 1981 610 praeditos

283 642 373 704 luisse
396 640 597 720 Hermogenes
621 640 808 719 dictitavit²).

425 753 537 840 Quodsi
559 753 710 832 Pablius³l
734 773 769 814 en
791 773 840 827 eo,
870 753 949 834 quod
973 753 1266 834 Pseudoplutercbus
1287 754 1318 814 in
1343 755 1397 814 vita
1422 753 1521 814 decem
1546 764 1697 816 oratorum
1722 774 1869 837 nusquam
1893 766 1982 819 tetra·

284 868 425 947 lugierum
456 866 639 929 mentionem
674 865 791 938 lecerit,
826 865 920 946 aliqua
956 887 1023 930 cum
1059 868 1262 948 probabilitate
1296 867 1407 946 suspici
1441 885 1529 946 posse
1553 876 1664 940 censet,
1697 868 1778 930 illum
1811 870 1856 931 vel
1882 870 1982 950 potius

285 979 439 1041 Caecilium
471 980 666 1050 Ualentinum,
702 998 735 1039 er
769 978 852 1040 cuius
885 978 959 1041 libro
987 980 1276 1061 Pseudoplutarchus
1309 978 1436 1058 plurime
1470 979 1651 1060 desumpsit,
1685 980 1749 1042 illes
1781 982 1980 1044 oratiuncrdas

287 1092 405 1154 omnino
429 1110 491 1154 non
515 1092 676 1154 noscilesse
699 1100 749 1153 aut
772 1091 888 1170 spurias
912 1092 1062 1164 habuisse,
1093 1094 1149 1155 hoc
1178 1113 1212 1154 en
1239 1112 1305 1154 mea
1327 1092 1448 1173 quidem
1471 1093 1618 1154 sententie
1643 1091 1904 1174 vilipendendum
1927 1103 1982 1156 est.

286 1204 314 1266 st
348 1204 425 1266 enim
454 1204 743 1284 Pseudopluterchus
778 1204 876 1266 omnia
903 1205 1094 1285 Antiphontis
1128 1206 1236 1285 scripte
1269 1224 1304 1268 ex
1338 1206 1442 1266 ordine
1477 1216 1681 1266 enumerasset
1710 1214 1739 1266 ct
1764 1205 1983 1286 percensuisset

285 1315 401 1377 omissis
428 1316 602 1395 tetralogits,
632 1318 702 1378 haec
728 1335 775 1378 res
803 1315 997 1380 admiratione
1025 1318 1110 1398 dique
1139 1328 1218 1379 osset
1240 1327 1270 1378 et
1293 1318 1390 1396 magni
1414 1317 1568 1397 ponderis,
1596 1325 1684 1397 atque
1708 1319 1876 1398 tetralogias
1897 1320 1984 1381 dnti-

283 1430 386 1509 phouti
411 1429 617 1494 abiudicaudes
641 1449 705 1492 esse
729 1449 782 1511 pro
806 1446 886 1494 certo
910 1431 1056 1495 adfirmari
1082 1442 1197 1513 possem
1231 1450 1298 1493 cunr
1331 1449 1400 1492 reru
1430 1431 1460 1491 in
1491 1429 1599 1491 nullius
1629 1431 1770 1493 orationis
1802 1432 1983 1493 mentionem

282 1543 419 1604 inciderit
442 1543 497 1606 nisi
521 1544 557 1605 de
573 1543 696 1605 Herodis
720 1545 806 1606 ccede
831 1544 946 1606 habitae
970 1563 1141 1624 earumque,
1164 1563 1239 1624 quae
1263 1562 1379 1624 semper
1401 1543 1526 1606 summis
1549 1543 1685 1605 laudibus
1709 1544 1894 1616 delessent,
1918 1545 1983 1622 quis

284 1664 345 1731 est,
376 1657 423 1734 qui
453 1665 529 1718 certe
558 1658 672 1720 ratione
699 1658 879 1719 contendere
905 1660 1013 1720 audeat
1044 1659 1130 1720 etiam
1156 1657 1312 1720 Caecilium
1341 1656 1507 1736 tetralogias
1533 1656 1650 1718 silentio
1675 1656 1911 1736 praetermisisse
1933 1668 1984 1718 eut

286 1767 400 1849 spurias
422 1765 561 1848 putasse?
587 1768 743 1832 Praeterea
768 1770 869 1832 l‘ehlio
892 1771 1026 1832 assentiri
1051 1787 1109 1832 non
1127 1789 1249 1850 possum
1266 1769 1407 1832 statuenti
1425 1767 1588 1846 tetrelogias
1604 1778 1725 1850 propter
1742 1769 1980 1848 singularitatem

288 1879 436 1942 aCaeoibo
461 1890 490 1941 et
506 1880 782 1963 Pseudoplutercho
805 1883 1081 1944 commemorandas
1104 1884 1204 1953 luisse,
1228 1883 1252 1945 si
1277 1883 1318 1944 illi
1341 1883 1396 1944 riri
1417 1901 1464 1945 eas
1488 1881 1631 1960 genuinas
1654 1881 1844 1945 iudicassent.
1883 1883 1985 1964 Neque

288 1993 364 2054 eninr
396 1992 432 2054 eh
461 1993 645 2076 Antiphonte
675 2004 789 2058 tantum
818 1996 873 2058 hoc
901 1996 1069 2058 orationum
1103 2015 1196 2075 genus
1224 1996 1372 2058 excultum
1401 1996 1452 2058 sed
1483 1996 1541 2056 iem
1572 2004 1640 2056 aute
1668 1996 1748 2056 bunc
1774 2015 1789 2056 a
1819 1995 1928 2060 Corace
1955 2007 1985 2060 et

285 2105 361 2168 'lisie
384 2108 537 2170 inventum
562 2127 626 2170 esse
649 2109 824 2188 Spengelius
847 2108 961 2170 idoneis
985 2109 1168 2188 argumentis
1191 2108 1285 2172 allatis
1310 2108 1569 2189 demonstrerit⁴).

427 2219 581 2302 Reliquum
610 2231 669 2293 est,
704 2233 738 2284 ut
768 2229 898 2283 veterum
927 2222 1080 2283 rhetorum
1110 2221 1216 2284 iudicia
1245 2231 1275 2283 et
1302 2221 1484 2292 testimonia,
1519 2239 1594 2299 quae
1620 2221 1729 2300 passim
1758 2220 1794 2281 de
1823 2221 1983 2302 tetralogiis

285 2331 560 2412 deprehenduntur,
584 2352 757 2396 enumerem
781 2344 880 2414 etque,
903 2345 1012 2414 quante
1036 2335 1196 2396 auctoritas
1219 2335 1250 2396 in
1273 2334 1329 2396 illis
1353 2335 1433 2407 insit,
1456 2333 1620 2394 accuratius
1642 2333 1801 2412 inquiram.
1848 2335 1982 2406 Quorum

284 2463 318 2506 en
339 2444 495 2508 rhetorum
519 2463 643 2507 numero
674 2448 721 2507 alii
750 2448 966 2526 deuterologies
994 2448 1042 2508 alii
1072 2448 1239 2525 tetralogias
1262 2447 1474 2527 Antiphontem
1499 2445 1664 2525 divulgasse
1687 2455 1819 2508 narrent.
1867 2447 1924 2508 Sed
1948 2467 1983 2508 er

287 2557 330 2618 eis
359 2557 467 2632 verbis,
496 2577 569 2639 quee
591 2560 632 2621 illi
653 2560 706 2622 viri
729 2561 766 2622 de
792 2561 981 2624 institutione
1003 2581 1036 2624 ac
1058 2569 1162 2622 natura
1184 2560 1288 2622 tabum
1311 2560 1479 2628 orationum
1503 2559 1651 2631 lecerunt,
1681 2559 1828 2622 enucleari
1850 2567 1983 2622 tentum-

286 2670 374 2732 modo
397 2679 498 2750 potest
513 2672 724 2752 Antiphontem
750 2692 867 2754 quoque
891 2673 1036 2736 eiusmodi
1060 2674 1210 2736 orationes
1232 2672 1367 2744 edidisse,
1390 2682 1491 2734 contre
1516 2689 1586 2732 num
1612 2690 1670 2744 eae,
1694 2690 1770 2751 quae
1792 2671 1827 2734 ad
1845 2688 1900 2734 nos
1915 2689 1983 2753 per·

284 2793 443 2858 venerunt,
477 2784 694 2870 Antiphonteee
722 2785 798 2860 sint,
823 2787 919 2848 denuo
948 2785 1092 2848 dubitatio
1120 2785 1287 2848 succrescit.
1339 2785 1492 2846 Praeterea
1518 2783 1583 2845 illos
1611 2783 1745 2844 rhetores
1774 2783 1843 2845 satis
1871 2784 1984 2848 recenti

283 2904 419 2975 tempore
444 2895 536 2958 luisse
562 2897 780 2978 respiciendum
809 2909 867 2974 est;
898 2899 1064 2977 boropeter
1093 2899 1172 2960 enim
1204 2897 1295 2960 hlexii
1322 2897 1508 2976 imperatoris
1536 2895 1721 2975 temporibus
1749 2896 1883 2958 homilias
1911 2915 1983 2959 con-

283 3007 416 3088 scripsit,
445 3007 603 3087 Gregorius
626 3018 725 3072 eutem
749 3011 919 3074 Corinthius
941 3013 1059 3073 saeculo
1083 3011 1257 3073 duodecimo
1284 3011 1315 3072 in
1337 3009 1409 3072 viris
1432 3017 1508 3082 erat3
1538 3009 1596 3070 huc
1622 3007 1748 3080 accedit,
1778 3009 1855 3086 quod
1879 3027 1982 3072 eorum

284 3121 453 3184 testimonia
480 3123 515 3183 ad
545 3123 665 3184 verbum
692 3124 754 3186 fere
785 3133 969 3204 congruunt,
997 3125 1036 3186 ite
1065 3135 1098 3186 ut
1127 3125 1192 3188 illos
1220 3145 1254 3188 ex
1282 3125 1386 3186 eodem
1411 3124 1491 3186 sonte
1513 3122 1647 3186 hausisse
1669 3128 1719 3184 aut
1742 3139 1835 3184 unuln
1858 3124 1983 3185 alterum

286 3233 476 3314 exscripsisse
499 3237 690 3300 statuendum
714 3236 761 3298 sit.
807 3237 897 3298 Velim
922 3238 1072 3302 conferas:

344 3367 531 3456 ’Λνιονύμου
564 3372 686 3454 σχόλια
720 3375 768 3448 είς
799 3371 984 3459 Ἀφδύνιον
1017 3379 1109 3457 (Walz
1228 3374 1448 3459 Δοξοπύιρου
1470 3368 1599 3457 ὁμιλίαι
1623 3369 1670 3444 είς
1686 3365 1871 3452 ’Λφθόνιον
1890 3372 1984 3452 (Wala

282 3484 320 3556 u,
342 3483 405 3564 ee).
1164 3490 1198 3563 rr,
1222 3488 1305 3565 ers).

350 3621 594 3707 δευτερολογίας
615 3624 652 3689 δέ
674 3623 817 3709 τρόπους
839 3631 998 3711 τέσσαρας
1022 3632 1108 3693 εἶναί
1227 3629 1311 3712 φασὶ
1349 3625 1389 3711 δὴ
1427 3623 1675 3708 δεοτερολογίας
1714 3618 1858 3706 τρόπους
1895 3625 1981 3690 εἶναι

281 3753 403 3819 φασιν,
428 3733 473 3811 είς
495 3737 554 3819 μέν
577 3733 632 3802 o'es
653 3739 711 3801 τοῦ
734 3733 836 3803 αὐτοῦ
858 3738 1037 3822 προςύπου
1052 3743 1107 3805 καὶ
1163 3744 1332 3824 τέσσαρας.
1376 3737 1397 3824 ἢ
1419 3738 1481 3823 γὰρ
1503 3741 1562 3804 τοῦ
1585 3734 1686 3802 αὐτοῦ
1709 3738 1862 3814 μένοντος
1885 3759 1984 3818 προς-

282 3845 476 3932 πρύγματος
492 3853 646 3932 μένοντος
661 3847 720 3914 δύο
735 3855 883 3931 γίνονται
899 3849 1006 3933 λύγοι,
1031 3851 1109 3928 ὦςτε
1164 3852 1257 3916 ώπου
1292 3852 1347 3914 καί
1386 3849 1577 3934 πράγματος
1607 3847 1666 3914 δύο
1697 3853 1844 3926 γίνονται
1874 3848 1980 3929 λύγοι,

282 3960 565 4046 κατηγορήσαντος
587 3963 645 4026 τοῦ
667 3962 844 4041 διώκοντος
866 3966 921 4029 καί
938 3963 1108 4053 ύπολογη-
1164 3963 1206 4040 ὠς
1235 3971 1290 4029 ίνα
1321 3961 1603 4048 κατηγορήσαντος
1632 3963 1689 4027 τοῦ
1716 3957 1896 4043 κατηγόρου
1927 3963 1984 4024 καί

286 4077 427 4156 captivos
453 4077 511 4139 τοῦ
534 4073 722 4160 φεύγοντος,
755 4073 858 4154 αὖθις
888 4082 1107 4166 κατηγορῆσαι
1163 4076 1458 4161 ἀπολογησαμένου
1480 4077 1539 4140 τοῦ
1561 4075 1738 4160 φεύγοντος
1760 4070 1863 4137 πάλιν
1885 4098 1983 4159 κατη-

288 4183 341 4248 edu
372 4180 537 4251 διοίκοντα
576 4191 631 4251 καὶ
673 4185 901 4275 δνοτρέποντα
933 4193 992 4276 την
1021 4189 1107 4256 circo-
1160 4191 1282 4277 γορήση
1306 4186 1324 4254 ὁ
1347 4187 1476 4254 διώκων
1498 4182 1693 4272 ἀνατρέπων
1711 4187 1772 4272 τὴν
1797 4181 1985 4267 ἀπολογίαν

289 4297 401 4376 λογίαν
423 4305 480 4366 καί
503 4301 558 4366 τὸν
580 4300 744 4386 φεύγοντα
767 4301 871 4369 πάλιν
893 4298 1106 4389 οἷπολογήσα-
1160 4303 1215 4367 καί
1237 4302 1255 4369 d
1279 4298 1409 4386 φεύγων
1431 4297 1535 4367 πάλιν
1557 4299 1806 4386 δπολογήσηται
1829 4301 1913 4384 πρὸς
1926 4301 1985 4385 την

286 4413 375 4474 σθαι
391 4415 474 4496 πρὸς
488 4416 544 4500 την
560 4414 715 4497 δευτέραν
730 4423 938 4502 κατηγορίαν,
961 4415 1004 4492 uic
1020 4420 1107 4498 cdxcv
1159 4416 1314 4499 δευτέραν
1335 4420 1542 4500 κατηγορίαν,
1566 4411 1608 4490 ὡς
1631 4415 1720 4495 εἶχον
1742 4413 1779 4478 αἱ
1801 4415 1860 4480 τοῦ
1878 4409 1983 4478 Ἀντι-

280 4519 323 4588 αἱ
345 4527 403 4589 τοῦ
418 4523 635 4613 Ἀντιφῶντος
658 4531 912 4615 δευτερολογίαι.
1159 4533 1286 4616 φῶντας
1311 4527 1564 4612 δευτερολογίαι.

426 4671 536 4734 Eadem
558 4673 619 4736 lere
644 4675 729 4736 verba
754 4676 891 4752 leguntur
914 4674 990 4752 epod
1015 4671 1187 4751 Gregorium
1212 4669 1397 4733 Corinthium
1421 4671 1516 4752 (Weln
1532 4671 1590 4743 Vll,
1609 4673 1714 4748 1310).

420 4907 438 4970 ¹)
457 4907 590 4977 Nioschle,
609 4913 639 4962 de
657 4910 770 4978 Thucyd.
790 4911 891 4977 Antiph.
910 4911 1035 4976 discipulo
1054 4918 1080 4960 et
1098 4909 1200 4960 Homeri
1219 4909 1359 4960 imitatore.
1396 4909 1486 4974 Progr.
1524 4909 1631 4962 lll'u'udeu
1653 4909 1725 4960 1885.

419 4993 438 5060 ’γ
458 4995 537 5063 iilam,
556 4998 601 5048 Die
620 5007 665 5048 att.
686 4998 846 5050 Bercdsaurk.
888 4996 922 5062 1²,
945 4998 998 5050 108.

420 5082 503 5144 hbte
522 5083 605 5136 liedcn
625 5085 668 5136 des
688 5087 791 5152 hutiph.
811 5102 833 5152 p.
847 5085 869 5136 8.

420 5171 441 5233 ⁴)
458 5168 608 5242 Συναγωγή
628 5174 731 5241 τεχνῶν
749 5189 771 5242 p.
785 5173 825 5224 ³3.
