<?xml version="1.0" encoding="UTF-8"?>
<!DOCTYPE html PUBLIC "-//W3C//DTD XHTML 1.0 Transitional//EN"
    "http://www.w3.org/TR/xhtml1/DTD/xhtml1-transitional.dtd">
<html xmlns="http://www.w3.org/1999/xhtml" xml:lang="en" lang="en">
 <head>
  <title>
</title>
<meta http-equiv="Content-Type" content="text/html;charset=utf-8" />
  <meta name='ocr-system' content='tesseract 3.04.00' />
  <meta name='ocr-capabilities' content='ocr_page ocr_carea ocr_par ocr_line ocrx_word'/>
</head>
<body>
  <div class='ocr_page' id='page_1' title='image "./deantiphontiste00hausgoog_0016.png"; bbox 0 0 4622 5696; ppageno 0'>
   <div class='ocr_carea' id='block_1_1' title="bbox 1029 383 1243 450">
    <p class='ocr_par' dir='ltr' id='par_1_1' title="bbox 1029 383 1243 450">
     <span class='ocr_line' id='line_1_1' title="bbox 1029 383 1243 450; baseline 0.009 -18"><span class='ocrx_word' id='word_1_1' title='bbox 1029 383 1243 450; x_wconf 81' lang='lat'>...11-</span> 
     </span>
    </p>
   </div>
   <div class='ocr_carea' id='block_1_2' title="bbox 216 560 1995 4128">
    <p class='ocr_par' dir='ltr' id='par_1_2' title="bbox 216 560 1995 4128">
     <span class='ocr_line' id='line_1_2' title="bbox 283 560 1983 645; baseline 0 -19"><span class='ocrx_word' id='word_1_2' title='bbox 283 573 334 627; x_wconf 89' lang='lat' dir='ltr'><strong>est.</strong></span> <span class='ocrx_word' id='word_1_3' title='bbox 360 565 423 624; x_wconf 46' lang='lat' dir='ltr'><strong>*ho</strong></span> <span class='ocrx_word' id='word_1_4' title='bbox 448 572 588 645; x_wconf 90' lang='lat' dir='ltr'><strong>putemus</strong></span> <span class='ocrx_word' id='word_1_5' title='bbox 611 561 821 641; x_wconf 79' lang='lat' dir='ltr'><strong>Antiphontem</strong></span> <span class='ocrx_word' id='word_1_6' title='bbox 845 560 922 624; x_wconf 88' lang='lat' dir='ltr'><strong>hanc</strong></span> <span class='ocrx_word' id='word_1_7' title='bbox 943 561 1072 642; x_wconf 90' lang='lat' dir='ltr'><strong>regulam</strong></span> <span class='ocrx_word' id='word_1_8' title='bbox 1096 565 1320 645; x_wconf 76' lang='lat' dir='ltr'><strong>praescripsisse</strong></span> <span class='ocrx_word' id='word_1_9' title='bbox 1343 563 1500 644; x_wconf 79' lang='lat' dir='ltr'><strong>discipulis,</strong></span> <span class='ocrx_word' id='word_1_10' title='bbox 1524 564 1574 644; x_wconf 89' lang='lat' dir='ltr'><strong>qui</strong></span> <span class='ocrx_word' id='word_1_11' title='bbox 1596 563 1651 626; x_wconf 90' lang='lat' dir='ltr'><strong>arti</strong></span> <span class='ocrx_word' id='word_1_12' title='bbox 1673 564 1834 636; x_wconf 79' lang='lat' dir='ltr'><strong>studerent,</strong></span> <span class='ocrx_word' id='word_1_13' title='bbox 1864 563 1893 624; x_wconf 93' lang='lat' dir='ltr'><strong>in</strong></span> <span class='ocrx_word' id='word_1_14' title='bbox 1917 583 1983 626; x_wconf 91' lang='lat' dir='ltr'><strong>ora-</strong></span> 
     </span>
     <span class='ocr_line' id='line_1_3' title="bbox 282 674 1810 740; baseline -0.002 -1"><span class='ocrx_word' id='word_1_15' title='bbox 282 677 425 739; x_wconf 87' lang='lat' dir='ltr'><strong>tiunculis</strong></span> <span class='ocrx_word' id='word_1_16' title='bbox 449 684 546 737; x_wconf 89' lang='lat' dir='ltr'><strong>aulem</strong></span> <span class='ocrx_word' id='word_1_17' title='bbox 569 675 664 736; x_wconf 86' lang='lat' dir='ltr'><strong>eidem</strong></span> <span class='ocrx_word' id='word_1_18' title='bbox 687 675 743 736; x_wconf 87' lang='lat' dir='ltr'><strong>arti</strong></span> <span class='ocrx_word' id='word_1_19' title='bbox 764 675 885 737; x_wconf 83' lang='lat' dir='ltr'><strong>insertis</strong></span> <span class='ocrx_word' id='word_1_20' title='bbox 910 674 1094 737; x_wconf 88' lang='lat' dir='ltr'><strong>dillerentiae</strong></span> <span class='ocrx_word' id='word_1_21' title='bbox 1118 678 1325 739; x_wconf 85' lang='lat' dir='ltr'><strong>vocabulorum</strong></span> <span class='ocrx_word' id='word_1_22' title='bbox 1348 678 1459 740; x_wconf 91' lang='lat' dir='ltr'><strong>nullam</strong></span> <span class='ocrx_word' id='word_1_23' title='bbox 1484 680 1626 740; x_wconf 81' lang='lat' dir='ltr'><strong>rationein</strong></span> <span class='ocrx_word' id='word_1_24' title='bbox 1652 675 1810 738; x_wconf 71' lang='lat' dir='ltr'><strong>hahuisse?</strong></span> 
     </span>
     <span class='ocr_line' id='line_1_4' title="bbox 429 787 1982 868; baseline 0.001 -19"><span class='ocrx_word' id='word_1_25' title='bbox 429 788 486 850; x_wconf 91' lang='lat' dir='ltr'><strong>lam</strong></span> <span class='ocrx_word' id='word_1_26' title='bbox 509 789 543 850; x_wconf 92' lang='lat' dir='ltr'><strong>ad</strong></span> <span class='ocrx_word' id='word_1_27' title='bbox 566 789 686 849; x_wconf 80' lang='lat' dir='ltr'><strong>aiteram</strong></span> <span class='ocrx_word' id='word_1_28' title='bbox 709 787 880 867; x_wconf 89' lang='lat' dir='ltr'><strong>opinionem</strong></span> <span class='ocrx_word' id='word_1_29' title='bbox 905 788 1130 849; x_wconf 84' lang='lat' dir='ltr'><strong>examinandam</strong></span> <span class='ocrx_word' id='word_1_30' title='bbox 1153 789 1286 850; x_wconf 91' lang='lat' dir='ltr'><strong>animum</strong></span> <span class='ocrx_word' id='word_1_31' title='bbox 1310 797 1445 850; x_wconf 88' lang='lat' dir='ltr'><strong>nostrum</strong></span> <span class='ocrx_word' id='word_1_32' title='bbox 1471 797 1688 859; x_wconf 82' lang='lat' dir='ltr'><strong>convertamus,</strong></span> <span class='ocrx_word' id='word_1_33' title='bbox 1709 807 1796 868; x_wconf 80' lang='lat' dir='ltr'><strong>qnam</strong></span> <span class='ocrx_word' id='word_1_34' title='bbox 1821 789 1982 861; x_wconf 81' lang='lat' dir='ltr'><strong>Blassius¹l</strong></span> 
     </span>
     <span class='ocr_line' id='line_1_5' title="bbox 281 898 1983 982; baseline -0.001 -19"><span class='ocrx_word' id='word_1_35' title='bbox 281 901 400 982; x_wconf 90' lang='lat' dir='ltr'><strong>primus</strong></span> <span class='ocrx_word' id='word_1_36' title='bbox 422 901 550 981; x_wconf 89' lang='lat' dir='ltr'><strong>protulit,</strong></span> <span class='ocrx_word' id='word_1_37' title='bbox 567 898 727 973; x_wconf 79' lang='lat' dir='ltr'><strong>Bothius¹t</strong></span> <span class='ocrx_word' id='word_1_38' title='bbox 751 900 933 978; x_wconf 86' lang='lat' dir='ltr'><strong>argumentis</strong></span> <span class='ocrx_word' id='word_1_39' title='bbox 955 899 1132 977; x_wconf 88' lang='lat' dir='ltr'><strong>quibusdam</strong></span> <span class='ocrx_word' id='word_1_40' title='bbox 1149 901 1325 962; x_wconf 84' lang='lat' dir='ltr'><strong>confirmare</strong></span> <span class='ocrx_word' id='word_1_41' title='bbox 1341 903 1464 968; x_wconf 85' lang='lat' dir='ltr'><strong>studuit,</strong></span> <span class='ocrx_word' id='word_1_42' title='bbox 1487 900 1700 980; x_wconf 80' lang='lat' dir='ltr'><strong>Antiphontem</strong></span> <span class='ocrx_word' id='word_1_43' title='bbox 1718 901 1769 962; x_wconf 90' lang='lat' dir='ltr'><strong>has</strong></span> <span class='ocrx_word' id='word_1_44' title='bbox 1785 902 1983 962; x_wconf 89' lang='lat' dir='ltr'><strong>oratiunculas</strong></span> 
     </span>
     <span class='ocr_line' id='line_1_6' title="bbox 285 1011 1981 1094; baseline -0.001 -19"><span class='ocrx_word' id='word_1_45' title='bbox 285 1015 495 1094; x_wconf 86' lang='lat' dir='ltr'><strong>composuisse,</strong></span> <span class='ocrx_word' id='word_1_46' title='bbox 519 1023 553 1074; x_wconf 85' lang='lat' dir='ltr'><strong>ut</strong></span> <span class='ocrx_word' id='word_1_47' title='bbox 574 1011 720 1091; x_wconf 88' lang='lat' dir='ltr'><strong>discipuli,</strong></span> <span class='ocrx_word' id='word_1_48' title='bbox 743 1012 794 1091; x_wconf 88' lang='lat' dir='ltr'><strong>qui</strong></span> <span class='ocrx_word' id='word_1_49' title='bbox 818 1011 1004 1091; x_wconf 86' lang='lat' dir='ltr'><strong>eloquentiae</strong></span> <span class='ocrx_word' id='word_1_50' title='bbox 1026 1011 1153 1072; x_wconf 82' lang='lat' dir='ltr'><strong>forensis</strong></span> <span class='ocrx_word' id='word_1_51' title='bbox 1176 1011 1319 1073; x_wconf 89' lang='lat' dir='ltr'><strong>tirociniis</strong></span> <span class='ocrx_word' id='word_1_52' title='bbox 1335 1013 1551 1084; x_wconf 89' lang='lat' dir='ltr'><strong>imbuerentur,</strong></span> <span class='ocrx_word' id='word_1_53' title='bbox 1573 1013 1639 1072; x_wconf 87' lang='lat' dir='ltr'><strong>sine</strong></span> <span class='ocrx_word' id='word_1_54' title='bbox 1653 1013 1710 1073; x_wconf 93' lang='lat' dir='ltr'><strong>ulla</strong></span> <span class='ocrx_word' id='word_1_55' title='bbox 1725 1013 1894 1074; x_wconf 90' lang='lat' dir='ltr'><strong>diliicultate</strong></span> <span class='ocrx_word' id='word_1_56' title='bbox 1917 1032 1981 1074; x_wconf 91' lang='lat' dir='ltr'><strong>rem</strong></span> 
     </span>
     <span class='ocr_line' id='line_1_7' title="bbox 286 1122 1982 1206; baseline -0.001 -18"><span class='ocrx_word' id='word_1_57' title='bbox 286 1128 315 1188; x_wconf 93' lang='lat' dir='ltr'><strong>iu</strong></span> <span class='ocrx_word' id='word_1_58' title='bbox 345 1126 507 1188; x_wconf 90' lang='lat' dir='ltr'><strong>contrarias</strong></span> <span class='ocrx_word' id='word_1_59' title='bbox 537 1133 637 1206; x_wconf 89' lang='lat' dir='ltr'><strong>partes</strong></span> <span class='ocrx_word' id='word_1_60' title='bbox 664 1142 751 1202; x_wconf 88' lang='lat' dir='ltr'><strong>agere</strong></span> <span class='ocrx_word' id='word_1_61' title='bbox 778 1131 807 1186; x_wconf 84' lang='lat' dir='ltr'><strong>et</strong></span> <span class='ocrx_word' id='word_1_62' title='bbox 836 1125 935 1186; x_wconf 87' lang='lat' dir='ltr'><strong>statim</strong></span> <span class='ocrx_word' id='word_1_63' title='bbox 963 1123 995 1184; x_wconf 91' lang='lat' dir='ltr'><strong>in</strong></span> <span class='ocrx_word' id='word_1_64' title='bbox 1018 1122 1174 1183; x_wconf 88' lang='lat' dir='ltr'><strong>adversarii</strong></span> <span class='ocrx_word' id='word_1_65' title='bbox 1210 1124 1306 1185; x_wconf 90' lang='lat' dir='ltr'><strong>verbis</strong></span> <span class='ocrx_word' id='word_1_66' title='bbox 1339 1145 1370 1186; x_wconf 88' lang='lat' dir='ltr'><strong>ea</strong></span> <span class='ocrx_word' id='word_1_67' title='bbox 1404 1127 1560 1187; x_wconf 88' lang='lat' dir='ltr'><strong>ohservare</strong></span> <span class='ocrx_word' id='word_1_68' title='bbox 1594 1133 1717 1204; x_wconf 90' lang='lat' dir='ltr'><strong>possent</strong></span> <span class='ocrx_word' id='word_1_69' title='bbox 1751 1126 1872 1203; x_wconf 87' lang='lat' dir='ltr'><strong>discere,</strong></span> <span class='ocrx_word' id='word_1_70' title='bbox 1907 1145 1982 1206; x_wconf 89' lang='lat' dir='ltr'><strong>quae</strong></span> 
     </span>
     <span class='ocr_line' id='line_1_8' title="bbox 284 1235 1981 1319; baseline 0.001 -20"><span class='ocrx_word' id='word_1_71' title='bbox 284 1238 420 1300; x_wconf 82' lang='lat' dir='ltr'><strong>debiliora</strong></span> <span class='ocrx_word' id='word_1_72' title='bbox 445 1246 555 1308; x_wconf 80' lang='lat' dir='ltr'><strong>essent,</strong></span> <span class='ocrx_word' id='word_1_73' title='bbox 590 1247 678 1316; x_wconf 88' lang='lat' dir='ltr'><strong>atque</strong></span> <span class='ocrx_word' id='word_1_74' title='bbox 700 1235 737 1298; x_wconf 92' lang='lat' dir='ltr'><strong>ad</strong></span> <span class='ocrx_word' id='word_1_75' title='bbox 760 1237 833 1306; x_wconf 91' lang='lat' dir='ltr'><strong>eius,</strong></span> <span class='ocrx_word' id='word_1_76' title='bbox 868 1236 917 1316; x_wconf 92' lang='lat' dir='ltr'><strong>qui</strong></span> <span class='ocrx_word' id='word_1_77' title='bbox 940 1243 1042 1297; x_wconf 91' lang='lat' dir='ltr'><strong>contra</strong></span> <span class='ocrx_word' id='word_1_78' title='bbox 1064 1253 1132 1297; x_wconf 90' lang='lat' dir='ltr'><strong>cum</strong></span> <span class='ocrx_word' id='word_1_79' title='bbox 1162 1235 1285 1306; x_wconf 88' lang='lat' dir='ltr'><strong>dicebat,</strong></span> <span class='ocrx_word' id='word_1_80' title='bbox 1320 1237 1412 1314; x_wconf 91' lang='lat' dir='ltr'><strong>ipsius</strong></span> <span class='ocrx_word' id='word_1_81' title='bbox 1439 1237 1630 1299; x_wconf 87' lang='lat' dir='ltr'><strong>commodum</strong></span> <span class='ocrx_word' id='word_1_82' title='bbox 1658 1236 1841 1299; x_wconf 86' lang='lat' dir='ltr'><strong>adhiberent.</strong></span> <span class='ocrx_word' id='word_1_83' title='bbox 1887 1241 1981 1319; x_wconf 78' lang='lat' dir='ltr'><strong>Atque</strong></span> 
     </span>
     <span class='ocr_line' id='line_1_9' title="bbox 281 1347 1981 1430; baseline 0 -19"><span class='ocrx_word' id='word_1_84' title='bbox 281 1349 463 1422; x_wconf 80' lang='lat' dir='ltr'><strong>lieishium³l</strong></span> <span class='ocrx_word' id='word_1_85' title='bbox 488 1350 577 1410; x_wconf 90' lang='lat' dir='ltr'><strong>huius</strong></span> <span class='ocrx_word' id='word_1_86' title='bbox 600 1349 801 1429; x_wconf 83' lang='lat' dir='ltr'><strong>sophistarum</strong></span> <span class='ocrx_word' id='word_1_87' title='bbox 825 1347 941 1410; x_wconf 88' lang='lat' dir='ltr'><strong>dicendi</strong></span> <span class='ocrx_word' id='word_1_88' title='bbox 965 1348 1082 1424; x_wconf 89' lang='lat' dir='ltr'><strong>generis</strong></span> <span class='ocrx_word' id='word_1_89' title='bbox 1104 1355 1261 1427; x_wconf 86' lang='lat' dir='ltr'><strong>tantopere</strong></span> <span class='ocrx_word' id='word_1_90' title='bbox 1283 1361 1450 1428; x_wconf 88' lang='lat' dir='ltr'><strong>pertaesum</strong></span> <span class='ocrx_word' id='word_1_91' title='bbox 1474 1363 1527 1422; x_wconf 88' lang='lat' dir='ltr'><strong>est,</strong></span> <span class='ocrx_word' id='word_1_92' title='bbox 1550 1359 1583 1412; x_wconf 91' lang='lat' dir='ltr'><strong>ut</strong></span> <span class='ocrx_word' id='word_1_93' title='bbox 1604 1369 1635 1411; x_wconf 89' lang='lat' dir='ltr'><strong>ca</strong></span> <span class='ocrx_word' id='word_1_94' title='bbox 1659 1370 1690 1410; x_wconf 93' lang='lat' dir='ltr'><strong>re</strong></span> <span class='ocrx_word' id='word_1_95' title='bbox 1713 1351 1879 1430; x_wconf 87' lang='lat' dir='ltr'><strong>tetralogias</strong></span> <span class='ocrx_word' id='word_1_96' title='bbox 1896 1352 1981 1413; x_wconf 82' lang='lat' dir='ltr'><strong>huti-</strong></span> 
     </span>
     <span class='ocr_line' id='line_1_10' title="bbox 280 1461 1983 1542; baseline 0.001 -20"><span class='ocrx_word' id='word_1_97' title='bbox 280 1463 383 1542; x_wconf 89' lang='lat' dir='ltr'><strong>phonti</strong></span> <span class='ocrx_word' id='word_1_98' title='bbox 407 1461 628 1524; x_wconf 88' lang='lat' dir='ltr'><strong>abiudicarerit.</strong></span> <span class='ocrx_word' id='word_1_99' title='bbox 674 1461 754 1532; x_wconf 87' lang='lat' dir='ltr'><strong>Quae</strong></span> <span class='ocrx_word' id='word_1_100' title='bbox 777 1461 924 1522; x_wconf 89' lang='lat' dir='ltr'><strong>sententia</strong></span> <span class='ocrx_word' id='word_1_101' title='bbox 949 1479 1009 1521; x_wconf 88' lang='lat' dir='ltr'><strong>non</strong></span> <span class='ocrx_word' id='word_1_102' title='bbox 1035 1461 1161 1522; x_wconf 87' lang='lat' dir='ltr'><strong>nrultum</strong></span> <span class='ocrx_word' id='word_1_103' title='bbox 1185 1462 1367 1536; x_wconf 66' lang='lat' dir='ltr'><strong>valeranno</strong></span> <span class='ocrx_word' id='word_1_104' title='bbox 1393 1462 1435 1522; x_wconf 88' lang='lat' dir='ltr'><strong>vir·</strong></span> <span class='ocrx_word' id='word_1_105' title='bbox 1458 1462 1561 1523; x_wconf 88' lang='lat' dir='ltr'><strong>doctus</strong></span> <span class='ocrx_word' id='word_1_106' title='bbox 1577 1480 1672 1542; x_wconf 87' lang='lat' dir='ltr'><strong>neque</strong></span> <span class='ocrx_word' id='word_1_107' title='bbox 1693 1473 1771 1524; x_wconf 86' lang='lat' dir='ltr'><strong>certa</strong></span> <span class='ocrx_word' id='word_1_108' title='bbox 1789 1463 1983 1525; x_wconf 91' lang='lat' dir='ltr'><strong>ratiocinandi</strong></span> 
     </span>
     <span class='ocr_line' id='line_1_11' title="bbox 277 1573 1995 1654; baseline 0.001 -20"><span class='ocrx_word' id='word_1_109' title='bbox 277 1581 452 1652; x_wconf 88' lang='lat' dir='ltr'><strong>argumenta</strong></span> <span class='ocrx_word' id='word_1_110' title='bbox 475 1574 621 1654; x_wconf 89' lang='lat' dir='ltr'><strong>prompsit</strong></span> <span class='ocrx_word' id='word_1_111' title='bbox 644 1591 741 1654; x_wconf 91' lang='lat' dir='ltr'><strong>neque</strong></span> <span class='ocrx_word' id='word_1_112' title='bbox 763 1592 881 1635; x_wconf 89' lang='lat' dir='ltr'><strong>summo</strong></span> <span class='ocrx_word' id='word_1_113' title='bbox 905 1573 1004 1635; x_wconf 86' lang='lat' dir='ltr'><strong>studio</strong></span> <span class='ocrx_word' id='word_1_114' title='bbox 1020 1574 1238 1653; x_wconf 86' lang='lat' dir='ltr'><strong>circumspexit,</strong></span> <span class='ocrx_word' id='word_1_115' title='bbox 1263 1576 1342 1635; x_wconf 88' lang='lat' dir='ltr'><strong>unde</strong></span> <span class='ocrx_word' id='word_1_116' title='bbox 1357 1575 1534 1644; x_wconf 80' lang='lat' dir='ltr'><strong>efficeretur,</strong></span> <span class='ocrx_word' id='word_1_117' title='bbox 1558 1587 1591 1636; x_wconf 88' lang='lat' dir='ltr'><strong>ut</strong></span> <span class='ocrx_word' id='word_1_118' title='bbox 1607 1575 1780 1654; x_wconf 79' lang='lat' dir='ltr'><strong>Antiphonti</strong></span> <span class='ocrx_word' id='word_1_119' title='bbox 1795 1577 1995 1637; x_wconf 63' lang='lat' dir='ltr'><strong>currentibus*</strong></span> 
     </span>
     <span class='ocr_line' id='line_1_12' title="bbox 280 1685 1978 1769; baseline 0.002 -23"><span class='ocrx_word' id='word_1_120' title='bbox 280 1687 367 1747; x_wconf 86' lang='lat' dir='ltr'><strong>annis</strong></span> <span class='ocrx_word' id='word_1_121' title='bbox 390 1685 588 1748; x_wconf 83' lang='lat' dir='ltr'><strong>oratiunculae</strong></span> <span class='ocrx_word' id='word_1_122' title='bbox 611 1686 819 1747; x_wconf 84' lang='lat' dir='ltr'><strong>subderentur.</strong></span> <span class='ocrx_word' id='word_1_123' title='bbox 851 1685 1117 1747; x_wconf 86' lang='lat' dir='ltr'><strong>&#39;Considerandum</strong></span> <span class='ocrx_word' id='word_1_124' title='bbox 1142 1695 1239 1748; x_wconf 89' lang='lat' dir='ltr'><strong>autem</strong></span> <span class='ocrx_word' id='word_1_125' title='bbox 1256 1686 1355 1756; x_wconf 87' lang='lat' dir='ltr'><strong>idest,</strong></span> <span class='ocrx_word' id='word_1_126' title='bbox 1378 1687 1403 1746; x_wconf 92' lang='lat' dir='ltr'><strong>si</strong></span> <span class='ocrx_word' id='word_1_127' title='bbox 1420 1688 1568 1749; x_wconf 88' lang='lat' dir='ltr'><strong>orationes</strong></span> <span class='ocrx_word' id='word_1_128' title='bbox 1584 1687 1736 1769; x_wconf 88' lang='lat' dir='ltr'><strong>discipulis</strong></span> <span class='ocrx_word' id='word_1_129' title='bbox 1753 1688 1787 1748; x_wconf 91' lang='lat' dir='ltr'><strong>ad</strong></span> <span class='ocrx_word' id='word_1_130' title='bbox 1803 1687 1978 1749; x_wconf 88' lang='lat' dir='ltr'><strong>imitandum</strong></span> 
     </span>
     <span class='ocr_line' id='line_1_13' title="bbox 282 1797 1979 1888; baseline 0.001 -30"><span class='ocrx_word' id='word_1_131' title='bbox 282 1799 461 1877; x_wconf 89' lang='lat' dir='ltr'><strong>conscriptae</strong></span> <span class='ocrx_word' id='word_1_132' title='bbox 484 1807 592 1867; x_wconf 73' lang='lat' dir='ltr'><strong>essent,</strong></span> <span class='ocrx_word' id='word_1_133' title='bbox 617 1797 781 1888; x_wconf 86' lang='lat' dir='ltr'><strong>perlectum</strong></span> <span class='ocrx_word' id='word_1_134' title='bbox 805 1797 922 1876; x_wconf 87' lang='lat' dir='ltr'><strong>ingenio</strong></span> <span class='ocrx_word' id='word_1_135' title='bbox 946 1807 975 1860; x_wconf 88' lang='lat' dir='ltr'><strong>et</strong></span> <span class='ocrx_word' id='word_1_136' title='bbox 998 1798 1141 1860; x_wconf 89' lang='lat' dir='ltr'><strong>industria</strong></span> <span class='ocrx_word' id='word_1_137' title='bbox 1166 1797 1345 1860; x_wconf 88' lang='lat' dir='ltr'><strong>elaboratum</strong></span> <span class='ocrx_word' id='word_1_138' title='bbox 1368 1797 1425 1859; x_wconf 90' lang='lat' dir='ltr'><strong>illis</strong></span> <span class='ocrx_word' id='word_1_139' title='bbox 1450 1801 1618 1860; x_wconf 88' lang='lat' dir='ltr'><strong>necessario</strong></span> <span class='ocrx_word' id='word_1_140' title='bbox 1641 1800 1866 1879; x_wconf 89' lang='lat' dir='ltr'><strong>proponendum</strong></span> <span class='ocrx_word' id='word_1_141' title='bbox 1891 1809 1979 1880; x_wconf 87' lang='lat' dir='ltr'><strong>atque</strong></span> 
     </span>
     <span class='ocr_line' id='line_1_14' title="bbox 284 1909 1980 1989; baseline 0.002 -20"><span class='ocrx_word' id='word_1_142' title='bbox 284 1909 437 1989; x_wconf 88' lang='lat' dir='ltr'><strong>praecipue</strong></span> <span class='ocrx_word' id='word_1_143' title='bbox 460 1929 565 1971; x_wconf 88' lang='lat' dir='ltr'><strong>omnes</strong></span> <span class='ocrx_word' id='word_1_144' title='bbox 588 1929 691 1971; x_wconf 87' lang='lat' dir='ltr'><strong>causas</strong></span> <span class='ocrx_word' id='word_1_145' title='bbox 713 1927 801 1989; x_wconf 88' lang='lat' dir='ltr'><strong>quam</strong></span> <span class='ocrx_word' id='word_1_146' title='bbox 833 1910 1052 1972; x_wconf 87' lang='lat' dir='ltr'><strong>accuratissime</strong></span> <span class='ocrx_word' id='word_1_147' title='bbox 1081 1911 1296 1988; x_wconf 84' lang='lat' dir='ltr'><strong>investigandas</strong></span> <span class='ocrx_word' id='word_1_148' title='bbox 1325 1918 1354 1972; x_wconf 88' lang='lat' dir='ltr'><strong>et</strong></span> <span class='ocrx_word' id='word_1_149' title='bbox 1382 1910 1552 1972; x_wconf 77' lang='lat' dir='ltr'><strong>restitandas</strong></span> <span class='ocrx_word' id='word_1_150' title='bbox 1581 1911 1682 1972; x_wconf 85' lang='lat' dir='ltr'><strong>luisse.</strong></span> <span class='ocrx_word' id='word_1_151' title='bbox 1728 1911 1804 1972; x_wconf 87' lang='lat' dir='ltr'><strong>Nihil</strong></span> <span class='ocrx_word' id='word_1_152' title='bbox 1833 1912 1980 1974; x_wconf 88' lang='lat' dir='ltr'><strong>eiusmodi</strong></span> 
     </span>
     <span class='ocr_line' id='line_1_15' title="bbox 282 2021 1980 2102; baseline 0.001 -20"><span class='ocrx_word' id='word_1_153' title='bbox 282 2021 400 2084; x_wconf 87' lang='lat' dir='ltr'><strong>rationis</strong></span> <span class='ocrx_word' id='word_1_154' title='bbox 422 2022 452 2084; x_wconf 93' lang='lat' dir='ltr'><strong>in</strong></span> <span class='ocrx_word' id='word_1_155' title='bbox 476 2022 640 2101; x_wconf 91' lang='lat' dir='ltr'><strong>tetralogiis</strong></span> <span class='ocrx_word' id='word_1_156' title='bbox 662 2021 841 2093; x_wconf 86' lang='lat' dir='ltr'><strong>invenimus,</strong></span> <span class='ocrx_word' id='word_1_157' title='bbox 865 2039 932 2082; x_wconf 88' lang='lat' dir='ltr'><strong>nam</strong></span> <span class='ocrx_word' id='word_1_158' title='bbox 958 2021 1082 2082; x_wconf 90' lang='lat' dir='ltr'><strong>multum</strong></span> <span class='ocrx_word' id='word_1_159' title='bbox 1107 2023 1201 2089; x_wconf 88' lang='lat' dir='ltr'><strong>ahest,</strong></span> <span class='ocrx_word' id='word_1_160' title='bbox 1225 2029 1256 2082; x_wconf 94' lang='lat' dir='ltr'><strong>ut</strong></span> <span class='ocrx_word' id='word_1_161' title='bbox 1278 2021 1376 2082; x_wconf 91' lang='lat' dir='ltr'><strong>omnia</strong></span> <span class='ocrx_word' id='word_1_162' title='bbox 1401 2031 1572 2100; x_wconf 87' lang='lat' dir='ltr'><strong>argumenta</strong></span> <span class='ocrx_word' id='word_1_163' title='bbox 1607 2041 1641 2082; x_wconf 84' lang='lat' dir='ltr'><strong>ex</strong></span> <span class='ocrx_word' id='word_1_164' title='bbox 1670 2023 1774 2083; x_wconf 89' lang='lat' dir='ltr'><strong>ordine</strong></span> <span class='ocrx_word' id='word_1_165' title='bbox 1803 2023 1980 2102; x_wconf 87' lang='lat' dir='ltr'><strong>indagentur</strong></span> 
     </span>
     <span class='ocr_line' id='line_1_16' title="bbox 281 2133 1977 2215; baseline 0.001 -21"><span class='ocrx_word' id='word_1_166' title='bbox 281 2144 309 2194; x_wconf 88' lang='lat' dir='ltr'><strong>ct</strong></span> <span class='ocrx_word' id='word_1_167' title='bbox 331 2133 529 2206; x_wconf 85' lang='lat' dir='ltr'><strong>illustrentur,</strong></span> <span class='ocrx_word' id='word_1_168' title='bbox 554 2144 586 2196; x_wconf 94' lang='lat' dir='ltr'><strong>ut</strong></span> <span class='ocrx_word' id='word_1_169' title='bbox 610 2135 710 2213; x_wconf 88' lang='lat' dir='ltr'><strong>potius</strong></span> <span class='ocrx_word' id='word_1_170' title='bbox 733 2151 949 2214; x_wconf 85' lang='lat' dir='ltr'><strong>saepenumero</strong></span> <span class='ocrx_word' id='word_1_171' title='bbox 966 2133 1154 2213; x_wconf 82' lang='lat' dir='ltr'><strong>gravissimae</strong></span> <span class='ocrx_word' id='word_1_172' title='bbox 1170 2133 1214 2195; x_wconf 80' lang='lat' dir='ltr'><strong>ria·</strong></span> <span class='ocrx_word' id='word_1_173' title='bbox 1232 2143 1400 2212; x_wconf 85' lang='lat' dir='ltr'><strong>tangantur.</strong></span> <span class='ocrx_word' id='word_1_174' title='bbox 1444 2135 1523 2208; x_wconf 82' lang='lat' dir='ltr'><strong>Quin</strong></span> <span class='ocrx_word' id='word_1_175' title='bbox 1547 2135 1634 2195; x_wconf 90' lang='lat' dir='ltr'><strong>etiam</strong></span> <span class='ocrx_word' id='word_1_176' title='bbox 1659 2134 1687 2195; x_wconf 90' lang='lat' dir='ltr'><strong>in</strong></span> <span class='ocrx_word' id='word_1_177' title='bbox 1704 2134 1856 2215; x_wconf 88' lang='lat' dir='ltr'><strong>tetralogia</strong></span> <span class='ocrx_word' id='word_1_178' title='bbox 1874 2137 1977 2215; x_wconf 87' lang='lat' dir='ltr'><strong>prima,</strong></span> 
     </span>
     <span class='ocr_line' id='line_1_17' title="bbox 278 2245 1980 2328; baseline 0.001 -20"><span class='ocrx_word' id='word_1_179' title='bbox 278 2265 352 2326; x_wconf 87' lang='lat' dir='ltr'><strong>quae</strong></span> <span class='ocrx_word' id='word_1_180' title='bbox 364 2266 513 2309; x_wconf 85' lang='lat' dir='ltr'><strong>corrscnsu</strong></span> <span class='ocrx_word' id='word_1_181' title='bbox 525 2247 659 2309; x_wconf 90' lang='lat' dir='ltr'><strong>omnium</strong></span> <span class='ocrx_word' id='word_1_182' title='bbox 677 2247 788 2327; x_wconf 90' lang='lat' dir='ltr'><strong>optima</strong></span> <span class='ocrx_word' id='word_1_183' title='bbox 805 2255 885 2308; x_wconf 85' lang='lat' dir='ltr'><strong>extat</strong></span> <span class='ocrx_word' id='word_1_184' title='bbox 900 2253 929 2307; x_wconf 88' lang='lat' dir='ltr'><strong>el</strong></span> <span class='ocrx_word' id='word_1_185' title='bbox 945 2245 1053 2307; x_wconf 88' lang='lat' dir='ltr'><strong>Blassio</strong></span> <span class='ocrx_word' id='word_1_186' title='bbox 1071 2245 1254 2308; x_wconf 88' lang='lat' dir='ltr'><strong>admirationi</strong></span> <span class='ocrx_word' id='word_1_187' title='bbox 1272 2255 1327 2319; x_wconf 89' lang='lat' dir='ltr'><strong>est,</strong></span> <span class='ocrx_word' id='word_1_188' title='bbox 1352 2265 1410 2308; x_wconf 94' lang='lat' dir='ltr'><strong>non</strong></span> <span class='ocrx_word' id='word_1_189' title='bbox 1432 2267 1498 2308; x_wconf 88' lang='lat' dir='ltr'><strong>raro</strong></span> <span class='ocrx_word' id='word_1_190' title='bbox 1514 2255 1684 2323; x_wconf 88' lang='lat' dir='ltr'><strong>argumenta</strong></span> <span class='ocrx_word' id='word_1_191' title='bbox 1706 2266 1781 2327; x_wconf 86' lang='lat' dir='ltr'><strong>quae</strong></span> <span class='ocrx_word' id='word_1_192' title='bbox 1804 2250 1980 2328; x_wconf 81' lang='lat' dir='ltr'><strong>redarguere</strong></span> 
     </span>
     <span class='ocr_line' id='line_1_18' title="bbox 281 2359 1977 2440; baseline 0 -18"><span class='ocrx_word' id='word_1_193' title='bbox 281 2361 420 2440; x_wconf 88' lang='lat' dir='ltr'><strong>scriptori</strong></span> <span class='ocrx_word' id='word_1_194' title='bbox 443 2361 519 2422; x_wconf 89' lang='lat' dir='ltr'><strong>haud</strong></span> <span class='ocrx_word' id='word_1_195' title='bbox 542 2359 658 2422; x_wconf 87' lang='lat' dir='ltr'><strong>diillcile</strong></span> <span class='ocrx_word' id='word_1_196' title='bbox 681 2371 754 2433; x_wconf 91' lang='lat' dir='ltr'><strong>crat,</strong></span> <span class='ocrx_word' id='word_1_197' title='bbox 777 2368 828 2421; x_wconf 92' lang='lat' dir='ltr'><strong>aut</strong></span> <span class='ocrx_word' id='word_1_198' title='bbox 850 2359 966 2420; x_wconf 89' lang='lat' dir='ltr'><strong>silentio</strong></span> <span class='ocrx_word' id='word_1_199' title='bbox 996 2359 1275 2439; x_wconf 87' lang='lat' dir='ltr'><strong>praetermittuntur</strong></span> <span class='ocrx_word' id='word_1_200' title='bbox 1305 2369 1357 2420; x_wconf 91' lang='lat' dir='ltr'><strong>aut</strong></span> <span class='ocrx_word' id='word_1_201' title='bbox 1385 2359 1593 2421; x_wconf 76' lang='lat' dir='ltr'><strong>infirmissimis</strong></span> <span class='ocrx_word' id='word_1_202' title='bbox 1622 2359 1738 2421; x_wconf 86' lang='lat' dir='ltr'><strong>iudiciis</strong></span> <span class='ocrx_word' id='word_1_203' title='bbox 1770 2359 1977 2440; x_wconf 84' lang='lat' dir='ltr'><strong>fulciuntur⁴).</strong></span> 
     </span>
     <span class='ocr_line' id='line_1_19' title="bbox 280 2471 1979 2553; baseline 0.001 -19"><span class='ocrx_word' id='word_1_204' title='bbox 280 2473 353 2534; x_wconf 78' lang='lat' dir='ltr'><strong>Cum</strong></span> <span class='ocrx_word' id='word_1_205' title='bbox 379 2490 446 2534; x_wconf 84' lang='lat' dir='ltr'><strong>uero</strong></span> <span class='ocrx_word' id='word_1_206' title='bbox 469 2472 672 2553; x_wconf 78' lang='lat' dir='ltr'><strong>Spengelius⁶l</strong></span> <span class='ocrx_word' id='word_1_207' title='bbox 696 2473 836 2534; x_wconf 91' lang='lat' dir='ltr'><strong>nonnulle</strong></span> <span class='ocrx_word' id='word_1_208' title='bbox 860 2473 896 2534; x_wconf 92' lang='lat' dir='ltr'><strong>de</strong></span> <span class='ocrx_word' id='word_1_209' title='bbox 919 2472 972 2532; x_wconf 88' lang='lat' dir='ltr'><strong>hae</strong></span> <span class='ocrx_word' id='word_1_210' title='bbox 996 2471 1169 2551; x_wconf 88' lang='lat' dir='ltr'><strong>quaestione</strong></span> <span class='ocrx_word' id='word_1_211' title='bbox 1191 2472 1221 2531; x_wconf 93' lang='lat' dir='ltr'><strong>in</strong></span> <span class='ocrx_word' id='word_1_212' title='bbox 1247 2471 1376 2532; x_wconf 90' lang='lat' dir='ltr'><strong>medium</strong></span> <span class='ocrx_word' id='word_1_213' title='bbox 1400 2472 1564 2552; x_wconf 87' lang='lat' dir='ltr'><strong>protulerit,</strong></span> <span class='ocrx_word' id='word_1_214' title='bbox 1587 2471 1642 2532; x_wconf 93' lang='lat' dir='ltr'><strong>hoc</strong></span> <span class='ocrx_word' id='word_1_215' title='bbox 1657 2473 1721 2533; x_wconf 93' lang='lat' dir='ltr'><strong>loco</strong></span> <span class='ocrx_word' id='word_1_216' title='bbox 1736 2491 1800 2534; x_wconf 89' lang='lat' dir='ltr'><strong>rem</strong></span> <span class='ocrx_word' id='word_1_217' title='bbox 1817 2482 1979 2536; x_wconf 87' lang='lat' dir='ltr'><strong>retractare</strong></span> 
     </span>
     <span class='ocr_line' id='line_1_20' title="bbox 283 2585 1978 2668; baseline 0.003 -23"><span class='ocrx_word' id='word_1_218' title='bbox 283 2595 311 2646; x_wconf 93' lang='lat' dir='ltr'><strong>et</strong></span> <span class='ocrx_word' id='word_1_219' title='bbox 333 2585 538 2666; x_wconf 88' lang='lat' dir='ltr'><strong>dispositiones</strong></span> <span class='ocrx_word' id='word_1_220' title='bbox 560 2586 742 2666; x_wconf 91' lang='lat' dir='ltr'><strong>singularum</strong></span> <span class='ocrx_word' id='word_1_221' title='bbox 762 2585 929 2648; x_wconf 91' lang='lat' dir='ltr'><strong>orationum</strong></span> <span class='ocrx_word' id='word_1_222' title='bbox 953 2587 1110 2665; x_wconf 83' lang='lat' dir='ltr'><strong>explanare</strong></span> <span class='ocrx_word' id='word_1_223' title='bbox 1127 2585 1250 2664; x_wconf 89' lang='lat' dir='ltr'><strong>longum</strong></span> <span class='ocrx_word' id='word_1_224' title='bbox 1265 2593 1319 2658; x_wconf 90' lang='lat' dir='ltr'><strong>est,</strong></span> <span class='ocrx_word' id='word_1_225' title='bbox 1342 2586 1514 2666; x_wconf 89' lang='lat' dir='ltr'><strong>praesertim</strong></span> <span class='ocrx_word' id='word_1_226' title='bbox 1532 2603 1599 2646; x_wconf 87' lang='lat' dir='ltr'><strong>curn</strong></span> <span class='ocrx_word' id='word_1_227' title='bbox 1615 2586 1646 2646; x_wconf 89' lang='lat' dir='ltr'><strong>in</strong></span> <span class='ocrx_word' id='word_1_228' title='bbox 1663 2587 1754 2648; x_wconf 90' lang='lat' dir='ltr'><strong>allero</strong></span> <span class='ocrx_word' id='word_1_229' title='bbox 1771 2587 1978 2668; x_wconf 87' lang='lat' dir='ltr'><strong>disputationis</strong></span> 
     </span>
     <span class='ocr_line' id='line_1_21' title="bbox 281 2696 1978 2779; baseline 0.001 -19"><span class='ocrx_word' id='word_1_230' title='bbox 281 2699 372 2779; x_wconf 88' lang='lat' dir='ltr'><strong>capite</strong></span> <span class='ocrx_word' id='word_1_231' title='bbox 396 2698 528 2779; x_wconf 87' lang='lat' dir='ltr'><strong>pluribus</strong></span> <span class='ocrx_word' id='word_1_232' title='bbox 550 2709 682 2779; x_wconf 88' lang='lat' dir='ltr'><strong>repetam</strong></span> <span class='ocrx_word' id='word_1_233' title='bbox 706 2698 768 2760; x_wconf 89' lang='lat' dir='ltr'><strong>illas</strong></span> <span class='ocrx_word' id='word_1_234' title='bbox 791 2698 938 2761; x_wconf 84' lang='lat' dir='ltr'><strong>orationes</strong></span> <span class='ocrx_word' id='word_1_235' title='bbox 961 2696 997 2760; x_wconf 92' lang='lat' dir='ltr'><strong>ah</strong></span> <span class='ocrx_word' id='word_1_236' title='bbox 1023 2697 1130 2760; x_wconf 88' lang='lat' dir='ltr'><strong>usitato</strong></span> <span class='ocrx_word' id='word_1_237' title='bbox 1154 2697 1257 2758; x_wconf 80' lang='lat' dir='ltr'><strong>ordine</strong></span> <span class='ocrx_word' id='word_1_238' title='bbox 1285 2697 1413 2760; x_wconf 90' lang='lat' dir='ltr'><strong>iudiciali</strong></span> <span class='ocrx_word' id='word_1_239' title='bbox 1439 2698 1534 2760; x_wconf 83' lang='lat' dir='ltr'><strong>Attico</strong></span> <span class='ocrx_word' id='word_1_240' title='bbox 1563 2699 1644 2760; x_wconf 85' lang='lat' dir='ltr'><strong>valde</strong></span> <span class='ocrx_word' id='word_1_241' title='bbox 1671 2701 1819 2762; x_wconf 87' lang='lat' dir='ltr'><strong>recedere.</strong></span> <span class='ocrx_word' id='word_1_242' title='bbox 1864 2700 1978 2774; x_wconf 84' lang='lat' dir='ltr'><strong>Quodsi</strong></span> 
     </span>
     <span class='ocr_line' id='line_1_22' title="bbox 279 2808 1976 2891; baseline 0.001 -19"><span class='ocrx_word' id='word_1_243' title='bbox 279 2813 438 2873; x_wconf 88' lang='lat' dir='ltr'><strong>multorum</strong></span> <span class='ocrx_word' id='word_1_244' title='bbox 463 2811 612 2874; x_wconf 89' lang='lat' dir='ltr'><strong>iudicandi</strong></span> <span class='ocrx_word' id='word_1_245' title='bbox 635 2811 709 2872; x_wconf 89' lang='lat' dir='ltr'><strong>ratio</strong></span> <span class='ocrx_word' id='word_1_246' title='bbox 734 2808 951 2891; x_wconf 78' lang='lat' dir='ltr'><strong>progreditur⁶)</strong></span> <span class='ocrx_word' id='word_1_247' title='bbox 974 2809 1189 2890; x_wconf 76' lang='lat' dir='ltr'><strong>Antiphontem</strong></span> <span class='ocrx_word' id='word_1_248' title='bbox 1219 2813 1325 2871; x_wconf 89' lang='lat' dir='ltr'><strong>docere</strong></span> <span class='ocrx_word' id='word_1_249' title='bbox 1353 2810 1488 2881; x_wconf 83' lang='lat' dir='ltr'><strong>voluisse,</strong></span> <span class='ocrx_word' id='word_1_250' title='bbox 1523 2830 1581 2890; x_wconf 87' lang='lat' dir='ltr'><strong>quo</strong></span> <span class='ocrx_word' id='word_1_251' title='bbox 1610 2813 1697 2874; x_wconf 92' lang='lat' dir='ltr'><strong>modo</strong></span> <span class='ocrx_word' id='word_1_252' title='bbox 1731 2813 1760 2872; x_wconf 94' lang='lat' dir='ltr'><strong>in</strong></span> <span class='ocrx_word' id='word_1_253' title='bbox 1795 2813 1976 2891; x_wconf 81' lang='lat' dir='ltr'><strong>argumentis</strong></span> 
     </span>
     <span class='ocr_line' id='line_1_23' title="bbox 216 2897 1975 3005; baseline 0.002 -22"><span class='ocrx_word' id='word_1_254' title='bbox 216 2897 220 2904; x_wconf 35' lang='lat'>⁵</span> <span class='ocrx_word' id='word_1_255' title='bbox 276 2924 398 3004; x_wconf 90' lang='lat' dir='ltr'><strong>prolatis</strong></span> <span class='ocrx_word' id='word_1_256' title='bbox 421 2923 619 3003; x_wconf 89' lang='lat' dir='ltr'><strong>sophistarum</strong></span> <span class='ocrx_word' id='word_1_257' title='bbox 643 2923 714 2984; x_wconf 91' lang='lat' dir='ltr'><strong>illud</strong></span> <span class='ocrx_word' id='word_1_258' title='bbox 736 2921 773 2984; x_wconf 81' lang='grc' dir='ltr'><strong>τὸ</strong></span> <span class='ocrx_word' id='word_1_259' title='bbox 797 2913 893 3005; x_wconf 75' lang='grc' dir='ltr'><strong><em>ἧττον</em></strong></span> <span class='ocrx_word' id='word_1_260' title='bbox 915 2932 1062 3003; x_wconf 73' lang='grc' dir='ltr'><strong>κρεῖττον</strong></span> <span class='ocrx_word' id='word_1_261' title='bbox 1094 2930 1207 2984; x_wconf 79' lang='lat' dir='ltr'><strong>rrorelv</strong></span> <span class='ocrx_word' id='word_1_262' title='bbox 1236 2922 1310 2984; x_wconf 84' lang='lat' dir='ltr'><strong>effici</strong></span> <span class='ocrx_word' id='word_1_263' title='bbox 1342 2935 1442 3002; x_wconf 87' lang='lat' dir='ltr'><strong>posset</strong></span> <span class='ocrx_word' id='word_1_264' title='bbox 1470 2932 1558 3002; x_wconf 89' lang='lat' dir='ltr'><strong>atque</strong></span> <span class='ocrx_word' id='word_1_265' title='bbox 1592 2924 1688 3002; x_wconf 91' lang='lat' dir='ltr'><strong>magni</strong></span> <span class='ocrx_word' id='word_1_266' title='bbox 1722 2927 1866 2986; x_wconf 86' lang='lat' dir='ltr'><strong>momenti</strong></span> <span class='ocrx_word' id='word_1_267' title='bbox 1900 2945 1975 2996; x_wconf 86' lang='lat' dir='ltr'><strong>esse,</strong></span> 
     </span>
     <span class='ocr_line' id='line_1_24' title="bbox 277 3027 1975 3117; baseline 0 -18"><span class='ocrx_word' id='word_1_268' title='bbox 277 3038 354 3117; x_wconf 91' lang='lat' dir='ltr'><strong>quod</strong></span> <span class='ocrx_word' id='word_1_269' title='bbox 378 3038 409 3098; x_wconf 91' lang='lat' dir='ltr'><strong>in</strong></span> <span class='ocrx_word' id='word_1_270' title='bbox 434 3037 593 3116; x_wconf 86' lang='lat' dir='ltr'><strong>tetralogiis</strong></span> <span class='ocrx_word' id='word_1_271' title='bbox 615 3043 799 3113; x_wconf 85' lang='lat' dir='ltr'><strong>argumenta,</strong></span> <span class='ocrx_word' id='word_1_272' title='bbox 833 3053 909 3114; x_wconf 89' lang='lat' dir='ltr'><strong>quae</strong></span> <span class='ocrx_word' id='word_1_273' title='bbox 931 3027 967 3105; x_wconf 76' lang='grc' dir='ltr'><strong>ἐξ</strong></span> <span class='ocrx_word' id='word_1_274' title='bbox 988 3029 1124 3096; x_wconf 72' lang='grc' dir='ltr'><strong><em>εἰκότων</em></strong></span> <span class='ocrx_word' id='word_1_275' title='bbox 1146 3033 1340 3107; x_wconf 88' lang='lat' dir='ltr'><strong>deducantur,</strong></span> <span class='ocrx_word' id='word_1_276' title='bbox 1374 3036 1410 3096; x_wconf 92' lang='lat' dir='ltr'><strong>ab</strong></span> <span class='ocrx_word' id='word_1_277' title='bbox 1433 3047 1551 3099; x_wconf 85' lang='lat' dir='ltr'><strong>oratore</strong></span> <span class='ocrx_word' id='word_1_278' title='bbox 1574 3036 1702 3101; x_wconf 86' lang='lat' dir='ltr'><strong>adhibita</strong></span> <span class='ocrx_word' id='word_1_279' title='bbox 1726 3037 1796 3102; x_wconf 81' lang='lat' dir='ltr'><strong>sint.</strong></span> <span class='ocrx_word' id='word_1_280' title='bbox 1832 3047 1865 3098; x_wconf 92' lang='lat' dir='ltr'><strong>ut</strong></span> <span class='ocrx_word' id='word_1_281' title='bbox 1887 3039 1975 3099; x_wconf 91' lang='lat' dir='ltr'><strong>etiam</strong></span> 
     </span>
     <span class='ocr_line' id='line_1_25' title="bbox 276 3147 1975 3229; baseline 0.002 -19"><span class='ocrx_word' id='word_1_282' title='bbox 276 3149 407 3229; x_wconf 88' lang='lat' dir='ltr'><strong>discipuli</strong></span> <span class='ocrx_word' id='word_1_283' title='bbox 432 3151 487 3210; x_wconf 90' lang='lat' dir='ltr'><strong>hac</strong></span> <span class='ocrx_word' id='word_1_284' title='bbox 508 3149 659 3229; x_wconf 85' lang='lat' dir='ltr'><strong>disciplina</strong></span> <span class='ocrx_word' id='word_1_285' title='bbox 684 3147 900 3220; x_wconf 85' lang='lat' dir='ltr'><strong>imbuerentur,</strong></span> <span class='ocrx_word' id='word_1_286' title='bbox 925 3149 955 3208; x_wconf 89' lang='lat' dir='ltr'><strong>in</strong></span> <span class='ocrx_word' id='word_1_287' title='bbox 977 3149 1067 3208; x_wconf 89' lang='lat' dir='ltr'><strong>altera</strong></span> <span class='ocrx_word' id='word_1_288' title='bbox 1091 3147 1242 3226; x_wconf 87' lang='lat' dir='ltr'><strong>tetralogia</strong></span> <span class='ocrx_word' id='word_1_289' title='bbox 1261 3149 1339 3209; x_wconf 87' lang='lat' dir='ltr'><strong>nulla</strong></span> <span class='ocrx_word' id='word_1_290' title='bbox 1355 3149 1502 3212; x_wconf 91' lang='lat' dir='ltr'><strong>eiusmodi</strong></span> <span class='ocrx_word' id='word_1_291' title='bbox 1517 3149 1640 3211; x_wconf 85' lang='lat' dir='ltr'><strong>rationis</strong></span> <span class='ocrx_word' id='word_1_292' title='bbox 1659 3149 1778 3228; x_wconf 83' lang='lat' dir='ltr'><strong>vestigia</strong></span> <span class='ocrx_word' id='word_1_293' title='bbox 1794 3150 1975 3228; x_wconf 90' lang='lat' dir='ltr'><strong>deprehendi</strong></span> 
     </span>
     <span class='ocr_line' id='line_1_26' title="bbox 280 3259 1971 3342; baseline 0.002 -22"><span class='ocrx_word' id='word_1_294' title='bbox 280 3279 362 3322; x_wconf 91' lang='lat' dir='ltr'><strong>nemo</strong></span> <span class='ocrx_word' id='word_1_295' title='bbox 386 3280 447 3324; x_wconf 92' lang='lat' dir='ltr'><strong>nou</strong></span> <span class='ocrx_word' id='word_1_296' title='bbox 469 3263 577 3323; x_wconf 89' lang='lat' dir='ltr'><strong>merito</strong></span> <span class='ocrx_word' id='word_1_297' title='bbox 601 3262 732 3322; x_wconf 89' lang='lat' dir='ltr'><strong>miretur.</strong></span> <span class='ocrx_word' id='word_1_298' title='bbox 777 3259 819 3321; x_wconf 82' lang='lat' dir='ltr'><strong>Ex</strong></span> <span class='ocrx_word' id='word_1_299' title='bbox 842 3260 949 3341; x_wconf 89' lang='lat' dir='ltr'><strong>quihus</strong></span> <span class='ocrx_word' id='word_1_300' title='bbox 972 3261 1044 3322; x_wconf 88' lang='lat' dir='ltr'><strong>locis</strong></span> <span class='ocrx_word' id='word_1_301' title='bbox 1067 3260 1247 3340; x_wconf 78' lang='lat' dir='ltr'><strong>Kayserus⁷)</strong></span> <span class='ocrx_word' id='word_1_302' title='bbox 1270 3261 1348 3322; x_wconf 90' lang='lat' dir='ltr'><strong>illam</strong></span> <span class='ocrx_word' id='word_1_303' title='bbox 1372 3263 1499 3323; x_wconf 90' lang='lat' dir='ltr'><strong>oratoris</strong></span> <span class='ocrx_word' id='word_1_304' title='bbox 1523 3262 1582 3324; x_wconf 90' lang='lat' dir='ltr'><strong>rim</strong></span> <span class='ocrx_word' id='word_1_305' title='bbox 1605 3271 1634 3323; x_wconf 91' lang='lat' dir='ltr'><strong>ct</strong></span> <span class='ocrx_word' id='word_1_306' title='bbox 1656 3263 1858 3323; x_wconf 84' lang='lat' dir='ltr'><strong>inventionem</strong></span> <span class='ocrx_word' id='word_1_307' title='bbox 1886 3281 1971 3342; x_wconf 91' lang='lat' dir='ltr'><strong>prae·</strong></span> 
     </span>
     <span class='ocr_line' id='line_1_27' title="bbox 278 3373 1974 3454; baseline 0.001 -20"><span class='ocrx_word' id='word_1_308' title='bbox 278 3375 382 3435; x_wconf 87' lang='lat' dir='ltr'><strong>claram</strong></span> <span class='ocrx_word' id='word_1_309' title='bbox 404 3385 434 3434; x_wconf 90' lang='lat' dir='ltr'><strong>et</strong></span> <span class='ocrx_word' id='word_1_310' title='bbox 455 3384 572 3436; x_wconf 88' lang='lat' dir='ltr'><strong>acutam</strong></span> <span class='ocrx_word' id='word_1_311' title='bbox 596 3373 804 3452; x_wconf 89' lang='lat' dir='ltr'><strong>cogitationem</strong></span> <span class='ocrx_word' id='word_1_312' title='bbox 828 3373 1020 3453; x_wconf 86' lang='lat' dir='ltr'><strong>perspexerit,</strong></span> <span class='ocrx_word' id='word_1_313' title='bbox 1043 3391 1118 3453; x_wconf 90' lang='lat' dir='ltr'><strong>quae</strong></span> <span class='ocrx_word' id='word_1_314' title='bbox 1140 3373 1252 3434; x_wconf 88' lang='lat' dir='ltr'><strong>occulta</strong></span> <span class='ocrx_word' id='word_1_315' title='bbox 1275 3373 1414 3451; x_wconf 85' lang='lat' dir='ltr'><strong>sagaciter</strong></span> <span class='ocrx_word' id='word_1_316' title='bbox 1437 3374 1608 3454; x_wconf 89' lang='lat' dir='ltr'><strong>quaerendo</strong></span> <span class='ocrx_word' id='word_1_317' title='bbox 1633 3373 1786 3450; x_wconf 88' lang='lat' dir='ltr'><strong>investigat</strong></span> <span class='ocrx_word' id='word_1_318' title='bbox 1812 3384 1842 3434; x_wconf 89' lang='lat' dir='ltr'><strong>et</strong></span> <span class='ocrx_word' id='word_1_319' title='bbox 1871 3375 1974 3454; x_wconf 91' lang='lat' dir='ltr'><strong>aperit,</strong></span> 
     </span>
     <span class='ocr_line' id='line_1_28' title="bbox 276 3484 1973 3566; baseline 0.002 -21"><span class='ocrx_word' id='word_1_320' title='bbox 276 3484 412 3563; x_wconf 89' lang='lat' dir='ltr'><strong>equidem</strong></span> <span class='ocrx_word' id='word_1_321' title='bbox 435 3484 603 3564; x_wconf 88' lang='lat' dir='ltr'><strong>intellegere</strong></span> <span class='ocrx_word' id='word_1_322' title='bbox 626 3503 685 3548; x_wconf 92' lang='lat' dir='ltr'><strong>non</strong></span> <span class='ocrx_word' id='word_1_323' title='bbox 710 3503 841 3564; x_wconf 86' lang='lat' dir='ltr'><strong>possum.</strong></span> <span class='ocrx_word' id='word_1_324' title='bbox 885 3485 1022 3548; x_wconf 82' lang='lat' dir='ltr'><strong>Fortasse</strong></span> <span class='ocrx_word' id='word_1_325' title='bbox 1044 3485 1121 3561; x_wconf 86' lang='lat' dir='ltr'><strong>ideo,</strong></span> <span class='ocrx_word' id='word_1_326' title='bbox 1145 3486 1224 3565; x_wconf 91' lang='lat' dir='ltr'><strong>quod</strong></span> <span class='ocrx_word' id='word_1_327' title='bbox 1248 3485 1279 3547; x_wconf 95' lang='lat' dir='ltr'><strong>in</strong></span> <span class='ocrx_word' id='word_1_328' title='bbox 1302 3485 1452 3564; x_wconf 89' lang='lat' dir='ltr'><strong>tetralogia</strong></span> <span class='ocrx_word' id='word_1_329' title='bbox 1474 3487 1560 3548; x_wconf 88' lang='lat' dir='ltr'><strong>tertia</strong></span> <span class='ocrx_word' id='word_1_330' title='bbox 1588 3493 1760 3564; x_wconf 88' lang='lat' dir='ltr'><strong>argumenta</strong></span> <span class='ocrx_word' id='word_1_331' title='bbox 1787 3496 1973 3566; x_wconf 87' lang='lat' dir='ltr'><strong>repetuntur,</strong></span> 
     </span>
     <span class='ocr_line' id='line_1_29' title="bbox 276 3597 1973 3679; baseline 0.001 -21"><span class='ocrx_word' id='word_1_332' title='bbox 276 3615 350 3676; x_wconf 79' lang='lat' dir='ltr'><strong>quiae</strong></span> <span class='ocrx_word' id='word_1_333' title='bbox 373 3598 431 3658; x_wconf 90' lang='lat' dir='ltr'><strong>iam</strong></span> <span class='ocrx_word' id='word_1_334' title='bbox 453 3597 563 3658; x_wconf 80' lang='lat' dir='ltr'><strong>alisia</strong></span> <span class='ocrx_word' id='word_1_335' title='bbox 586 3605 721 3679; x_wconf 91' lang='lat' dir='ltr'><strong>prompta</strong></span> <span class='ocrx_word' id='word_1_336' title='bbox 744 3617 808 3659; x_wconf 86' lang='lat' dir='ltr'><strong>esse</strong></span> <span class='ocrx_word' id='word_1_337' title='bbox 830 3597 998 3668; x_wconf 88' lang='lat' dir='ltr'><strong>edocemur,</strong></span> <span class='ocrx_word' id='word_1_338' title='bbox 1022 3606 1072 3660; x_wconf 90' lang='lat' dir='ltr'><strong>aut</strong></span> <span class='ocrx_word' id='word_1_339' title='bbox 1094 3597 1183 3677; x_wconf 84' lang='lat' dir='ltr'><strong>quod.</strong></span> <span class='ocrx_word' id='word_1_340' title='bbox 1208 3607 1362 3678; x_wconf 87' lang='lat' dir='ltr'><strong>postquam</strong></span> <span class='ocrx_word' id='word_1_341' title='bbox 1386 3607 1415 3660; x_wconf 88' lang='lat' dir='ltr'><strong>ct</strong></span> <span class='ocrx_word' id='word_1_342' title='bbox 1438 3600 1468 3658; x_wconf 88' lang='lat' dir='ltr'><strong>in</strong></span> <span class='ocrx_word' id='word_1_343' title='bbox 1493 3601 1585 3678; x_wconf 90' lang='lat' dir='ltr'><strong>prima</strong></span> <span class='ocrx_word' id='word_1_344' title='bbox 1611 3606 1640 3658; x_wconf 88' lang='lat' dir='ltr'><strong>et</strong></span> <span class='ocrx_word' id='word_1_345' title='bbox 1662 3597 1693 3658; x_wconf 93' lang='lat' dir='ltr'><strong>in</strong></span> <span class='ocrx_word' id='word_1_346' title='bbox 1717 3598 1800 3658; x_wconf 86' lang='lat' dir='ltr'><strong>tertia</strong></span> <span class='ocrx_word' id='word_1_347' title='bbox 1826 3599 1973 3678; x_wconf 89' lang='lat' dir='ltr'><strong>tetralogia</strong></span> 
     </span>
     <span class='ocr_line' id='line_1_30' title="bbox 275 3709 1970 3790; baseline 0 -20"><span class='ocrx_word' id='word_1_348' title='bbox 275 3710 323 3770; x_wconf 95' lang='lat' dir='ltr'><strong>diu</strong></span> <span class='ocrx_word' id='word_1_349' title='bbox 348 3718 490 3772; x_wconf 87' lang='lat' dir='ltr'><strong>certatum</strong></span> <span class='ocrx_word' id='word_1_350' title='bbox 515 3719 568 3781; x_wconf 92' lang='lat' dir='ltr'><strong>est,</strong></span> <span class='ocrx_word' id='word_1_351' title='bbox 591 3729 607 3772; x_wconf 94' lang='lat' dir='ltr'><strong>a</strong></span> <span class='ocrx_word' id='word_1_352' title='bbox 630 3729 690 3790; x_wconf 89' lang='lat' dir='ltr'><strong>quo</strong></span> <span class='ocrx_word' id='word_1_353' title='bbox 713 3710 815 3772; x_wconf 90' lang='lat' dir='ltr'><strong>caedes</strong></span> <span class='ocrx_word' id='word_1_354' title='bbox 838 3719 950 3790; x_wconf 86' lang='lat' dir='ltr'><strong>patrata</strong></span> <span class='ocrx_word' id='word_1_355' title='bbox 973 3711 1021 3778; x_wconf 88' lang='lat' dir='ltr'><strong>sit,</strong></span> <span class='ocrx_word' id='word_1_356' title='bbox 1045 3709 1142 3770; x_wconf 90' lang='lat' dir='ltr'><strong>suhito</strong></span> <span class='ocrx_word' id='word_1_357' title='bbox 1165 3711 1253 3772; x_wconf 89' lang='lat' dir='ltr'><strong>certis</strong></span> <span class='ocrx_word' id='word_1_358' title='bbox 1275 3711 1454 3772; x_wconf 88' lang='lat' dir='ltr'><strong>testimoniis</strong></span> <span class='ocrx_word' id='word_1_359' title='bbox 1470 3711 1564 3772; x_wconf 82' lang='lat' dir='ltr'><strong>allatis</strong></span> <span class='ocrx_word' id='word_1_360' title='bbox 1580 3710 1678 3771; x_wconf 87' lang='lat' dir='ltr'><strong>omnia</strong></span> <span class='ocrx_word' id='word_1_361' title='bbox 1695 3719 1869 3788; x_wconf 87' lang='lat' dir='ltr'><strong>argumenta</strong></span> <span class='ocrx_word' id='word_1_362' title='bbox 1885 3724 1970 3772; x_wconf 88' lang='lat' dir='ltr'><strong>antea</strong></span> 
     </span>
     <span class='ocr_line' id='line_1_31' title="bbox 274 3819 1971 3901; baseline 0.001 -20"><span class='ocrx_word' id='word_1_363' title='bbox 274 3822 349 3883; x_wconf 82' lang='lat' dir='ltr'><strong>edita</strong></span> <span class='ocrx_word' id='word_1_364' title='bbox 374 3819 566 3884; x_wconf 80' lang='lat' dir='ltr'><strong>refelluntur!</strong></span> <span class='ocrx_word' id='word_1_365' title='bbox 613 3822 654 3884; x_wconf 83' lang='lat' dir='ltr'><strong>Ex</strong></span> <span class='ocrx_word' id='word_1_366' title='bbox 677 3823 862 3883; x_wconf 88' lang='lat' dir='ltr'><strong>orationihus</strong></span> <span class='ocrx_word' id='word_1_367' title='bbox 885 3821 921 3882; x_wconf 92' lang='lat' dir='ltr'><strong>de</strong></span> <span class='ocrx_word' id='word_1_368' title='bbox 945 3822 1068 3884; x_wconf 87' lang='lat' dir='ltr'><strong>Herodis</strong></span> <span class='ocrx_word' id='word_1_369' title='bbox 1091 3822 1180 3884; x_wconf 89' lang='lat' dir='ltr'><strong>caede</strong></span> <span class='ocrx_word' id='word_1_370' title='bbox 1211 3834 1241 3882; x_wconf 88' lang='lat' dir='ltr'><strong>et</strong></span> <span class='ocrx_word' id='word_1_371' title='bbox 1268 3825 1304 3884; x_wconf 92' lang='lat' dir='ltr'><strong>de</strong></span> <span class='ocrx_word' id='word_1_372' title='bbox 1331 3822 1469 3884; x_wconf 86' lang='lat' dir='ltr'><strong>saltatore</strong></span> <span class='ocrx_word' id='word_1_373' title='bbox 1497 3822 1606 3883; x_wconf 90' lang='lat' dir='ltr'><strong>habitis</strong></span> <span class='ocrx_word' id='word_1_374' title='bbox 1630 3823 1843 3901; x_wconf 74' lang='lat' dir='ltr'><strong>Antiphontem</strong></span> <span class='ocrx_word' id='word_1_375' title='bbox 1877 3823 1971 3883; x_wconf 89' lang='lat' dir='ltr'><strong>virum</strong></span> 
     </span>
     <span class='ocr_line' id='line_1_32' title="bbox 274 3933 1971 4015; baseline 0.001 -22"><span class='ocrx_word' id='word_1_376' title='bbox 274 3951 406 3996; x_wconf 86' lang='lat' dir='ltr'><strong>summae</strong></span> <span class='ocrx_word' id='word_1_377' title='bbox 429 3933 614 3996; x_wconf 86' lang='lat' dir='ltr'><strong>constantiae</strong></span> <span class='ocrx_word' id='word_1_378' title='bbox 637 3943 667 3995; x_wconf 89' lang='lat' dir='ltr'><strong>et</strong></span> <span class='ocrx_word' id='word_1_379' title='bbox 688 3934 815 3996; x_wconf 89' lang='lat' dir='ltr'><strong>iustitiae</strong></span> <span class='ocrx_word' id='word_1_380' title='bbox 831 3934 924 3995; x_wconf 88' lang='lat' dir='ltr'><strong>luisse</strong></span> <span class='ocrx_word' id='word_1_381' title='bbox 940 3935 1132 3996; x_wconf 76' lang='lat' dir='ltr'><strong>manifestum</strong></span> <span class='ocrx_word' id='word_1_382' title='bbox 1148 3941 1203 4004; x_wconf 90' lang='lat' dir='ltr'><strong>est,</strong></span> <span class='ocrx_word' id='word_1_383' title='bbox 1225 3934 1275 4014; x_wconf 87' lang='lat' dir='ltr'><strong>qrri</strong></span> <span class='ocrx_word' id='word_1_384' title='bbox 1292 3934 1404 3997; x_wconf 83' lang='lat' dir='ltr'><strong>veritati</strong></span> <span class='ocrx_word' id='word_1_385' title='bbox 1422 3936 1621 4015; x_wconf 88' lang='lat' dir='ltr'><strong>exquirendae</strong></span> <span class='ocrx_word' id='word_1_386' title='bbox 1637 3935 1794 4014; x_wconf 88' lang='lat' dir='ltr'><strong>diligenter</strong></span> <span class='ocrx_word' id='word_1_387' title='bbox 1810 3934 1971 4006; x_wconf 88' lang='lat' dir='ltr'><strong>studuerit;</strong></span> 
     </span>
     <span class='ocr_line' id='line_1_33' title="bbox 276 4045 1971 4128; baseline 0 -23"><span class='ocrx_word' id='word_1_388' title='bbox 276 4045 303 4106; x_wconf 90' lang='lat' dir='ltr'><strong>iu</strong></span> <span class='ocrx_word' id='word_1_389' title='bbox 318 4045 479 4123; x_wconf 80' lang='lat' dir='ltr'><strong>teualogiis</strong></span> <span class='ocrx_word' id='word_1_390' title='bbox 502 4057 602 4108; x_wconf 86' lang='lat' dir='ltr'><strong>autem</strong></span> <span class='ocrx_word' id='word_1_391' title='bbox 626 4045 698 4108; x_wconf 90' lang='lat' dir='ltr'><strong>nihil</strong></span> <span class='ocrx_word' id='word_1_392' title='bbox 723 4046 780 4106; x_wconf 89' lang='lat' dir='ltr'><strong>nisi</strong></span> <span class='ocrx_word' id='word_1_393' title='bbox 803 4046 919 4108; x_wconf 89' lang='lat' dir='ltr'><strong>rixandi</strong></span> <span class='ocrx_word' id='word_1_394' title='bbox 942 4056 971 4108; x_wconf 90' lang='lat' dir='ltr'><strong>et</strong></span> <span class='ocrx_word' id='word_1_395' title='bbox 992 4047 1153 4109; x_wconf 87' lang='lat' dir='ltr'><strong>altercandi</strong></span> <span class='ocrx_word' id='word_1_396' title='bbox 1169 4047 1300 4109; x_wconf 89' lang='lat' dir='ltr'><strong>studium</strong></span> <span class='ocrx_word' id='word_1_397' title='bbox 1316 4047 1495 4108; x_wconf 82' lang='lat' dir='ltr'><strong>observatur.</strong></span> <span class='ocrx_word' id='word_1_398' title='bbox 1530 4046 1623 4120; x_wconf 83' lang='lat' dir='ltr'><strong>Quiol</strong></span> <span class='ocrx_word' id='word_1_399' title='bbox 1647 4049 1725 4128; x_wconf 90' lang='lat' dir='ltr'><strong>quod</strong></span> <span class='ocrx_word' id='word_1_400' title='bbox 1750 4047 1860 4110; x_wconf 87' lang='lat' dir='ltr'><strong>multae</strong></span> <span class='ocrx_word' id='word_1_401' title='bbox 1877 4064 1971 4115; x_wconf 87' lang='lat' dir='ltr'><strong>voces,</strong></span> 
     </span>
    </p>
   </div>
   <div class='ocr_carea' id='block_1_3' title="bbox 278 4219 483 4232">
    <p class='ocr_par' dir='ltr' id='par_1_3' title="bbox 278 4219 483 4232">
     <span class='ocr_line' id='line_1_34' title="bbox 278 4219 483 4232; baseline 0 -2"><span class='ocrx_word' id='word_1_402' title='bbox 278 4219 483 4232; x_wconf 53' lang='grc' dir='ltr'><strong>ψ-</strong></span> 
     </span>
    </p>
   </div>
   <div class='ocr_carea' id='block_1_4' title="bbox 404 4313 905 4470">
    <p class='ocr_par' dir='ltr' id='par_1_4' title="bbox 404 4313 905 4470">
     <span class='ocr_line' id='line_1_35' title="bbox 404 4313 905 4386; baseline 0 -17"><span class='ocrx_word' id='word_1_403' title='bbox 404 4316 424 4380; x_wconf 80' lang='lat'><strong>¹)</strong></span> <span class='ocrx_word' id='word_1_404' title='bbox 443 4316 491 4369; x_wconf 80' lang='lat' dir='ltr'><strong>iiie</strong></span> <span class='ocrx_word' id='word_1_405' title='bbox 509 4323 556 4368; x_wconf 76' lang='lat' dir='ltr'><strong>ott.</strong></span> <span class='ocrx_word' id='word_1_406' title='bbox 575 4316 733 4369; x_wconf 78' lang='lat' dir='ltr'><strong>lleredaank.</strong></span> <span class='ocrx_word' id='word_1_407' title='bbox 751 4313 783 4383; x_wconf 81' lang='lat'><strong>1¹,</strong></span> <span class='ocrx_word' id='word_1_408' title='bbox 803 4315 905 4386; x_wconf 75' lang='lat' dir='ltr'><strong>149l50·</strong></span> 
     </span>
     <span class='ocr_line' id='line_1_36' title="bbox 404 4401 754 4470; baseline 0.006 -16"><span class='ocrx_word' id='word_1_409' title='bbox 404 4401 424 4462; x_wconf 79' lang='lat' dir='ltr'><strong>&#39;l</strong></span> <span class='ocrx_word' id='word_1_410' title='bbox 443 4403 474 4456; x_wconf 85' lang='lat' dir='ltr'><strong>de</strong></span> <span class='ocrx_word' id='word_1_411' title='bbox 493 4403 595 4470; x_wconf 80' lang='lat' dir='ltr'><strong>hotiph.</strong></span> <span class='ocrx_word' id='word_1_412' title='bbox 614 4411 674 4454; x_wconf 83' lang='lat' dir='ltr'><strong>latr.</strong></span> <span class='ocrx_word' id='word_1_413' title='bbox 694 4421 716 4470; x_wconf 89' lang='lat' dir='ltr'><strong>p.</strong></span> <span class='ocrx_word' id='word_1_414' title='bbox 730 4403 754 4456; x_wconf 79' lang='lat'><strong>2.</strong></span> 
     </span>
    </p>
   </div>
   <div class='ocr_carea' id='block_1_5' title="bbox 404 4488 1970 4645">
    <p class='ocr_par' dir='ltr' id='par_1_5' title="bbox 404 4488 1970 4645">
     <span class='ocr_line' id='line_1_37' title="bbox 404 4488 1970 4645; baseline -0.006 -13"><span class='ocrx_word' id='word_1_415' title='bbox 404 4488 697 4645; x_wconf 40' lang='lat' dir='ltr'><strong>merlssssvqlhyflf·</strong></span> <span class='ocrx_word' id='word_1_416' title='bbox 717 4577 852 4643; x_wconf 81' lang='lat' dir='ltr'><strong>copiosius</strong></span> <span class='ocrx_word' id='word_1_417' title='bbox 870 4577 934 4627; x_wconf 84' lang='lat' dir='ltr'><strong>hane</strong></span> <span class='ocrx_word' id='word_1_418' title='bbox 952 4575 1083 4626; x_wconf 78' lang='lat' dir='ltr'><strong>nuteriam</strong></span> <span class='ocrx_word' id='word_1_419' title='bbox 1102 4581 1275 4639; x_wconf 83' lang='lat' dir='ltr'><strong>exposuerant</strong></span> <span class='ocrx_word' id='word_1_420' title='bbox 1293 4573 1405 4625; x_wconf 84' lang='lat' dir='ltr'><strong>Blassius</strong></span> <span class='ocrx_word' id='word_1_421' title='bbox 1424 4575 1489 4635; x_wconf 78' lang='lat' dir='ltr'><strong>(Ait.</strong></span> <span class='ocrx_word' id='word_1_422' title='bbox 1503 4572 1605 4625; x_wconf 73' lang='lat' dir='ltr'><strong>herede.</strong></span> <span class='ocrx_word' id='word_1_423' title='bbox 1618 4571 1649 4636; x_wconf 80' lang='lat'><strong>1²,</strong></span> <span class='ocrx_word' id='word_1_424' title='bbox 1663 4573 1722 4636; x_wconf 80' lang='grc'>159)</span> <span class='ocrx_word' id='word_1_425' title='bbox 1740 4579 1766 4624; x_wconf 88' lang='lat' dir='ltr'><strong>et</strong></span> <span class='ocrx_word' id='word_1_426' title='bbox 1784 4571 1910 4624; x_wconf 79' lang='lat' dir='ltr'><strong>hludarius</strong></span> <span class='ocrx_word' id='word_1_427' title='bbox 1926 4572 1970 4636; x_wconf 72' lang='lat' dir='ltr'><strong>(de</strong></span> 
     </span>
    </p>
   </div>
   <div class='ocr_carea' id='block_1_6' title="bbox 271 4661 1286 4731">
    <p class='ocr_par' dir='ltr' id='par_1_6' title="bbox 271 4661 1286 4731">
     <span class='ocr_line' id='line_1_38' title="bbox 271 4661 1286 4731; baseline -0.002 -19"><span class='ocrx_word' id='word_1_428' title='bbox 271 4675 356 4713; x_wconf 83' lang='lat' dir='ltr'><strong>rernm</strong></span> <span class='ocrx_word' id='word_1_429' title='bbox 373 4661 539 4730; x_wconf 84' lang='lat' dir='ltr'><strong>dispositione</strong></span> <span class='ocrx_word' id='word_1_430' title='bbox 557 4664 620 4731; x_wconf 86' lang='lat' dir='ltr'><strong>epud</strong></span> <span class='ocrx_word' id='word_1_431' title='bbox 639 4663 818 4731; x_wconf 80' lang='lat' dir='ltr'><strong>Antiphontem</strong></span> <span class='ocrx_word' id='word_1_432' title='bbox 837 4671 863 4714; x_wconf 89' lang='lat' dir='ltr'><strong>et</strong></span> <span class='ocrx_word' id='word_1_433' title='bbox 880 4663 1045 4715; x_wconf 80' lang='lat' dir='ltr'><strong>Andocidem.</strong></span> <span class='ocrx_word' id='word_1_434' title='bbox 1083 4661 1190 4728; x_wconf 81' lang='lat' dir='ltr'><strong>Upselee</strong></span> <span class='ocrx_word' id='word_1_435' title='bbox 1204 4661 1286 4724; x_wconf 78' lang='lat'>1859).</span> 
     </span>
    </p>
   </div>
   <div class='ocr_carea' id='block_1_7' title="bbox 403 4747 1969 4904">
    <p class='ocr_par' dir='ltr' id='par_1_7' title="bbox 403 4747 1969 4904">
     <span class='ocr_line' id='line_1_39' title="bbox 405 4747 832 4816; baseline 0.002 -16"><span class='ocrx_word' id='word_1_436' title='bbox 405 4747 424 4810; x_wconf 63' lang='grc' dir='ltr'><strong>ὓ)</strong></span> <span class='ocrx_word' id='word_1_437' title='bbox 442 4747 529 4800; x_wconf 81' lang='lat' dir='ltr'><strong>iiheiu.</strong></span> <span class='ocrx_word' id='word_1_438' title='bbox 548 4748 662 4802; x_wconf 82' lang='lat' dir='ltr'><strong>Muscam</strong></span> <span class='ocrx_word' id='word_1_439' title='bbox 679 4749 761 4816; x_wconf 84' lang='lat' dir='ltr'><strong>xvll,</strong></span> <span class='ocrx_word' id='word_1_440' title='bbox 777 4751 832 4804; x_wconf 82' lang='grc'><strong>162.</strong></span> 
     </span>
     <span class='ocr_line' id='line_1_40' title="bbox 403 4829 1969 4904; baseline -0.001 -17"><span class='ocrx_word' id='word_1_441' title='bbox 403 4834 423 4902; x_wconf 79' lang='lat'><strong>⁸)</strong></span> <span class='ocrx_word' id='word_1_442' title='bbox 442 4833 552 4904; x_wconf 70' lang='lat' dir='ltr'><strong>Kayser,</strong></span> <span class='ocrx_word' id='word_1_443' title='bbox 570 4835 657 4888; x_wconf 83' lang='lat' dir='ltr'><strong>iiheiu.</strong></span> <span class='ocrx_word' id='word_1_444' title='bbox 677 4836 790 4888; x_wconf 79' lang='lat' dir='ltr'><strong>Moerum</strong></span> <span class='ocrx_word' id='word_1_445' title='bbox 808 4835 864 4903; x_wconf 88' lang='lat' dir='ltr'><strong>xll,</strong></span> <span class='ocrx_word' id='word_1_446' title='bbox 878 4835 940 4888; x_wconf 79' lang='lat'><strong>224:</strong></span> <span class='ocrx_word' id='word_1_447' title='bbox 970 4835 1012 4887; x_wconf 84' lang='lat' dir='ltr'><strong>die</strong></span> <span class='ocrx_word' id='word_1_448' title='bbox 1031 4832 1085 4884; x_wconf 89' lang='lat' dir='ltr'><strong>drei</strong></span> <span class='ocrx_word' id='word_1_449' title='bbox 1103 4829 1270 4896; x_wconf 80' lang='lat' dir='ltr'><strong>Tetralogien</strong></span> <span class='ocrx_word' id='word_1_450' title='bbox 1292 4832 1380 4883; x_wconf 76' lang='lat' dir='ltr'><strong>hatten</strong></span> <span class='ocrx_word' id='word_1_451' title='bbox 1398 4833 1589 4898; x_wconf 78' lang='lat' dir='ltr'><strong>rorzngsrreise</strong></span> <span class='ocrx_word' id='word_1_452' title='bbox 1608 4832 1649 4884; x_wconf 89' lang='lat' dir='ltr'><strong>die</strong></span> <span class='ocrx_word' id='word_1_453' title='bbox 1669 4831 1845 4898; x_wconf 81' lang='lat' dir='ltr'><strong>Bestlnmang,</strong></span> <span class='ocrx_word' id='word_1_454' title='bbox 1865 4832 1905 4882; x_wconf 91' lang='lat' dir='ltr'><strong>die</strong></span> <span class='ocrx_word' id='word_1_455' title='bbox 1924 4833 1969 4885; x_wconf 82' lang='lat' dir='ltr'><strong>Be·</strong></span> 
     </span>
    </p>
   </div>
   <div class='ocr_carea' id='block_1_8' title="bbox 270 4918 1969 5076">
    <p class='ocr_par' dir='ltr' id='par_1_8' title="bbox 270 4918 1969 5076">
     <span class='ocr_line' id='line_1_41' title="bbox 270 4918 924 4986; baseline 0.006 -16"><span class='ocrx_word' id='word_1_456' title='bbox 270 4919 395 4986; x_wconf 79' lang='lat' dir='ltr'><strong>heudlung</strong></span> <span class='ocrx_word' id='word_1_457' title='bbox 413 4921 458 4973; x_wconf 89' lang='lat' dir='ltr'><strong>der</strong></span> <span class='ocrx_word' id='word_1_458' title='bbox 477 4921 588 4973; x_wconf 74' lang='lat' dir='ltr'><strong>Beccise</strong></span> <span class='ocrx_word' id='word_1_459' title='bbox 605 4919 634 4982; x_wconf 72' lang='grc' dir='ltr'><strong>ἐξ</strong></span> <span class='ocrx_word' id='word_1_460' title='bbox 648 4918 760 4975; x_wconf 70' lang='grc' dir='ltr'><strong><em>εἰκότων</em></strong></span> <span class='ocrx_word' id='word_1_461' title='bbox 778 4939 810 4974; x_wconf 82' lang='grc' dir='ltr'><strong>ιιι</strong></span> <span class='ocrx_word' id='word_1_462' title='bbox 829 4924 924 4974; x_wconf 86' lang='lat' dir='ltr'><strong>lehrea.</strong></span> 
     </span>
     <span class='ocr_line' id='line_1_42' title="bbox 402 5002 1969 5076; baseline -0.003 -16"><span class='ocrx_word' id='word_1_463' title='bbox 402 5007 423 5071; x_wconf 69' lang='lat' dir='ltr'><strong>il</strong></span> <span class='ocrx_word' id='word_1_464' title='bbox 441 5007 489 5060; x_wconf 91' lang='lat' dir='ltr'><strong>llle</strong></span> <span class='ocrx_word' id='word_1_465' title='bbox 508 5017 648 5076; x_wconf 80' lang='lat' dir='ltr'><strong>temperare</strong></span> <span class='ocrx_word' id='word_1_466' title='bbox 666 5009 716 5061; x_wconf 88' lang='lat' dir='ltr'><strong>sibi</strong></span> <span class='ocrx_word' id='word_1_467' title='bbox 735 5023 783 5058; x_wconf 89' lang='lat' dir='ltr'><strong>non</strong></span> <span class='ocrx_word' id='word_1_468' title='bbox 802 5015 893 5076; x_wconf 83' lang='lat' dir='ltr'><strong>pateat,</strong></span> <span class='ocrx_word' id='word_1_469' title='bbox 913 5008 972 5075; x_wconf 83' lang='lat' dir='ltr'><strong>quin</strong></span> <span class='ocrx_word' id='word_1_470' title='bbox 991 5008 1021 5058; x_wconf 89' lang='lat' dir='ltr'><strong>de</strong></span> <span class='ocrx_word' id='word_1_471' title='bbox 1040 5004 1187 5069; x_wconf 82' lang='lat' dir='ltr'><strong>tetralogiia</strong></span> <span class='ocrx_word' id='word_1_472' title='bbox 1198 5005 1261 5057; x_wconf 82' lang='lat' dir='ltr'><strong>haee</strong></span> <span class='ocrx_word' id='word_1_473' title='bbox 1273 5004 1352 5057; x_wconf 82' lang='lat' dir='ltr'><strong>verba</strong></span> <span class='ocrx_word' id='word_1_474' title='bbox 1365 5003 1458 5058; x_wconf 76' lang='lat' dir='ltr'><strong>saciata</strong></span> <span class='ocrx_word' id='word_1_475' title='bbox 1476 5005 1552 5070; x_wconf 78' lang='lat' dir='ltr'><strong>„Alie</strong></span> <span class='ocrx_word' id='word_1_476' title='bbox 1566 5002 1680 5065; x_wconf 83' lang='lat' dir='ltr'><strong>Schiirie,</strong></span> <span class='ocrx_word' id='word_1_477' title='bbox 1697 5003 1791 5070; x_wconf 81' lang='lat' dir='ltr'><strong>inquit,</strong></span> <span class='ocrx_word' id='word_1_478' title='bbox 1809 5003 1854 5054; x_wconf 86' lang='lat' dir='ltr'><strong>dee</strong></span> <span class='ocrx_word' id='word_1_479' title='bbox 1867 5003 1969 5056; x_wconf 81' lang='lat' dir='ltr'><strong>Geietee</strong></span> 
     </span>
    </p>
   </div>
   <div class='ocr_carea' id='block_1_9' title="bbox 213 5090 1969 5302">
    <p class='ocr_par' dir='ltr' id='par_1_9' title="bbox 213 5090 1969 5302">
     <span class='ocr_line' id='line_1_43' title="bbox 274 5090 1969 5160; baseline 0 -18"><span class='ocrx_word' id='word_1_480' title='bbox 274 5093 335 5144; x_wconf 84' lang='lat' dir='ltr'><strong>rrird</strong></span> <span class='ocrx_word' id='word_1_481' title='bbox 351 5093 515 5160; x_wconf 72' lang='lat' dir='ltr'><strong>usgebeina,</strong></span> <span class='ocrx_word' id='word_1_482' title='bbox 543 5111 583 5146; x_wconf 87' lang='lat' dir='ltr'><strong>ura</strong></span> <span class='ocrx_word' id='word_1_483' title='bbox 606 5096 631 5148; x_wconf 91' lang='lat' dir='ltr'><strong>in</strong></span> <span class='ocrx_word' id='word_1_484' title='bbox 650 5098 699 5147; x_wconf 91' lang='lat' dir='ltr'><strong>den</strong></span> <span class='ocrx_word' id='word_1_485' title='bbox 717 5095 820 5159; x_wconf 75' lang='lat' dir='ltr'><strong>Sitzen,</strong></span> <span class='ocrx_word' id='word_1_486' title='bbox 844 5095 885 5146; x_wconf 88' lang='lat' dir='ltr'><strong>die</strong></span> <span class='ocrx_word' id='word_1_487' title='bbox 903 5095 965 5146; x_wconf 81' lang='lat' dir='ltr'><strong>eheu</strong></span> <span class='ocrx_word' id='word_1_488' title='bbox 985 5093 1050 5146; x_wconf 85' lang='lat' dir='ltr'><strong>noeh</strong></span> <span class='ocrx_word' id='word_1_489' title='bbox 1067 5093 1100 5144; x_wconf 89' lang='lat' dir='ltr'><strong>im</strong></span> <span class='ocrx_word' id='word_1_490' title='bbox 1119 5093 1237 5144; x_wconf 85' lang='lat' dir='ltr'><strong>eieherea</strong></span> <span class='ocrx_word' id='word_1_491' title='bbox 1256 5090 1351 5144; x_wconf 76' lang='lat' dir='ltr'><strong>Gestihl</strong></span> <span class='ocrx_word' id='word_1_492' title='bbox 1369 5094 1414 5144; x_wconf 86' lang='lat' dir='ltr'><strong>der</strong></span> <span class='ocrx_word' id='word_1_493' title='bbox 1434 5091 1571 5144; x_wconf 82' lang='lat' dir='ltr'><strong>Wahrheit</strong></span> <span class='ocrx_word' id='word_1_494' title='bbox 1589 5093 1760 5155; x_wconf 79' lang='lat' dir='ltr'><strong>rorgehracht</strong></span> <span class='ocrx_word' id='word_1_495' title='bbox 1783 5091 1898 5156; x_wconf 79' lang='lat' dir='ltr'><strong>worden,</strong></span> <span class='ocrx_word' id='word_1_496' title='bbox 1924 5093 1969 5143; x_wconf 86' lang='lat' dir='ltr'><strong>dee</strong></span> 
     </span>
     <span class='ocr_line' id='line_1_44' title="bbox 213 5174 1790 5302; baseline -0.002 -70"><span class='ocrx_word' id='word_1_497' title='bbox 213 5251 216 5258; x_wconf 28' lang='grc' dir='ltr'>Ι</span> <span class='ocrx_word' id='word_1_498' title='bbox 274 5174 352 5246; x_wconf 70' lang='lat' dir='ltr'><strong>leriga</strong></span> <span class='ocrx_word' id='word_1_499' title='bbox 369 5197 401 5234; x_wconf 81' lang='lat' dir='ltr'><strong>an</strong></span> <span class='ocrx_word' id='word_1_500' title='bbox 419 5179 561 5235; x_wconf 79' lang='lat' dir='ltr'><strong>cntdeeken</strong></span> <span class='ocrx_word' id='word_1_501' title='bbox 580 5181 630 5234; x_wconf 82' lang='lat' dir='ltr'><strong>ond</strong></span> <span class='ocrx_word' id='word_1_502' title='bbox 648 5181 704 5234; x_wconf 88' lang='lat' dir='ltr'><strong>ihre</strong></span> <span class='ocrx_word' id='word_1_503' title='bbox 722 5180 961 5246; x_wconf 81' lang='lat' dir='ltr'><strong>Uuauliinglichkeit</strong></span> <span class='ocrx_word' id='word_1_504' title='bbox 977 5197 1009 5232; x_wconf 85' lang='lat' dir='ltr'><strong>au</strong></span> <span class='ocrx_word' id='word_1_505' title='bbox 1027 5179 1184 5232; x_wconf 81' lang='lat' dir='ltr'><strong>eothdllen.“</strong></span> <span class='ocrx_word' id='word_1_506' title='bbox 1755 5243 1790 5302; x_wconf 46' lang='grc' dir='ltr'><strong>ἱ.</strong></span> 
     </span>
    </p>
   </div>
   <div class='ocr_carea' id='block_1_10' title="bbox 0 0 2316 5696">
    <p class='ocr_par' dir='ltr' id='par_1_10' title="bbox 0 0 2316 5696">
     <span class='ocr_line' id='line_1_45' title="bbox 0 0 2316 5696; baseline 0 7"><span class='ocrx_word' id='word_1_507' title='bbox 0 0 2316 5696; x_wconf 95' lang='lat' dir='ltr'><strong> </strong></span> 
     </span>
    </p>
   </div>
  </div>
 </body>
</html>
