4622 5696
992 383 1199 450 -ld-

244 557 379 646 daupidai,
408 557 466 625 de
492 551 604 643 ἀρθάς
630 561 688 622 καί
718 555 871 636 δικαίως,
902 562 985 626 rao
1013 556 1105 647 ὕβρει
1133 561 1188 626 καί
1212 559 1392 642 ἀκολασίᾳ,
1423 565 1472 641 μί
1504 560 1566 637 teir
1587 584 1622 626 τε
1644 562 1698 626 καί
1721 560 1863 644 βλέπων,
1890 561 1945 641 μθ

242 671 416 757 ἀθέμιστα
442 671 500 736 καί
529 667 665 749 ἀνόσια,
695 670 751 738 dd
777 667 921 758 ὑβρίζων
947 673 1003 738 καί
1031 673 1209 760 παροινῶν.
1254 675 1422 756 Utrumque
1456 675 1628 740 vocabulum
1651 685 1788 756 negatur:
1831 675 1888 756 Λβ
1905 672 1943 736 m

240 785 317 871 μηδ’
343 783 485 851 ἀνόσιον
503 779 578 870 μηδ’
600 783 751 870 αίσχρόν,
781 783 837 850 dn
861 781 899 850 od
921 783 1063 872 μηνυτὴς
1090 781 1160 851 osid’
1182 784 1346 870 dlsyarqp,
1375 785 1429 851 dr
1457 782 1515 853 οάκ
1538 785 1670 872 ἔλεγχον
1691 783 1768 854 οὐδὲ
1789 785 1946 870 βάσανον,

242 899 335 982 epu
359 894 419 979 οάχ
438 893 531 981 ὕβρει
553 891 633 960 ouidi
655 891 834 979 ἀκολασίᾳ,
865 899 960 964 Aac
987 895 1061 964 οὔτε
1083 897 1223 974 δικαίως
1245 897 1320 964 οὔτε
1342 900 1618 985 συμφερόντωςὶ).
1662 902 1754 964 Aliter
1779 919 1812 964 se
1834 899 1946 962 babent

244 1013 392 1095 exempla,
414 1029 488 1093 quae
518 1027 600 1074 nunc
622 1029 776 1074 enumero.
823 1013 1002 1095 Saepissime
1029 1014 1110 1078 enim
1139 1015 1241 1076 eadem
1264 1016 1411 1077 sententia
1435 1015 1479 1078 bis
1502 1024 1533 1077 et
1554 1015 1737 1077 adfirmando
1759 1021 1790 1076 et
1811 1013 1945 1093 negando

246 1125 430 1208 exprimitur;
456 1125 539 1188 velut
565 1123 717 1207 particulis
746 1118 806 1189 oria
828 1116 979 1188 -ἀλλὰ
1004 1125 1167 1190 ceruariae
1197 1125 1335 1190 notiones
1362 1136 1571 1208 opponuntur.-
1603 1126 1694 1207 Λβ5
1722 1123 1792 1189 ἔστι
1823 1121 1861 1188 δέ
1888 1118 1946 1189 οὐκ

247 1229 393 1312 ἀπεικός,
416 1229 503 1298 ἀλλὰ
525 1231 627 1312 είκιίς,
649 1233 705 1314 μθ
728 1230 787 1300 oris
808 1231 938 1300 έλάσσω
961 1232 1046 1300 ἀλλά
1066 1233 1154 1301 πολὺ
1175 1234 1291 1321 μείζω,
1314 1235 1369 1302 ds
1393 1231 1451 1302 οάιι
1465 1235 1501 1302 έιι
1516 1239 1581 1302 τῶν
1595 1234 1732 1302 είκότων
1746 1231 1831 1302 ἀλλὰ
1846 1228 1945 1320 ἔργῳ,

243 1350 328 1428 Bri
351 1341 390 1412 οά
412 1347 476 1431 γὰρ
497 1342 640 1432 ἀφανής,
663 1342 749 1412 ἀλλά
771 1347 828 1412 καί
849 1345 925 1412 λίαν
946 1344 1102 1433 φανερὸς,
1125 1350 1197 1427 rii
1224 1344 1284 1430 οὐχ
1305 1343 1396 1426 ὅσια,
1420 1344 1505 1414 ἀλλὰ
1525 1345 1656 1426 ἀνόσια,
1682 1349 1759 1429 Γγθ
1782 1342 1861 1413 οὐδὲ
1875 1357 1946 1422 τοῖς

240 1455 368 1536 adroic,
403 1453 488 1523 ἀλλὰ
509 1468 581 1533 τοτς
601 1456 866 1537 ἐναντιωτάτοις,
893 1458 949 1524 dc
972 1455 1051 1524 ouidi
1071 1463 1233 1544 κρείσσων
1255 1458 1312 1538 οἷν,
1345 1457 1429 1524 ἀλλὰ
1451 1459 1538 1526 πολι)
1559 1457 1797 1545 ὑποδεέστερος
1824 1461 1877 1543 (ci.
1901 1463 1946 1536 Β,

239 1573 312 1654 pa,
339 1578 399 1637 Λα
415 1573 448 1648 7,
469 1571 539 1653 ro,
562 1571 640 1652 μέ).
685 1572 787 1655 Neque
809 1572 975 1637 abhorrent
995 1573 1031 1636 ab
1053 1573 1100 1637 illa
1123 1575 1266 1646 dictione,
1296 1593 1372 1658 quae
1400 1574 1676 1657 deprehenduntur:
1714 1575 1804 1637 Βα2
1827 1566 1944 1638 ἑκόντα

242 1682 304 1769 μὲν
327 1679 386 1750 οὖν
407 1679 464 1748 oria
485 1681 636 1748 ίπικαλοί
657 1681 868 1762 ἀποκτείναι,
891 1681 1013 1750 ἄκοντα
1034 1683 1084 1763 δέ,
1107 1686 1162 1766 rb
1185 1681 1350 1762 ἀκουσίως
1371 1684 1409 1752 dl
1432 1683 1492 1769 calx
1512 1679 1617 1773 ἧσσον
1637 1683 1659 1773 ἢ
1681 1683 1838 1760 ἑκουσίως
1859 1679 1945 1748 ἀπέ-

248 1817 382 1872 κτεινεν,
403 1797 457 1876 μί
480 1791 579 1862 οὐδὲν
599 1790 704 1882 ἧσσον
718 1792 918 1883 ἀνουσίωςῆ
934 1795 1093 1873 ἑκουσίως
1107 1797 1286 1885 βλαφθείς.
1324 1800 1488 1882 Singularis
1510 1810 1611 1866 sutem
1635 1811 1681 1864 ast
1697 1818 1769 1862 usus
1784 1798 1946 1880 particulae

247 1905 315 1982 καί,
343 1930 400 1993 qua
426 1911 503 1974 duaa
528 1928 577 1974 res
604 1911 828 1992 coniunguntur
853 1912 936 1994 prior
961 1911 1143 1976 adfirmative
1169 1912 1259 1976 altera
1286 1914 1433 1994 negative,
1462 1925 1496 1977 ut
1519 1914 1564 1977 bis
1586 1913 1690 1976 eadem
1713 1913 1775 1976 iere
1797 1912 1944 1974 sententia

246 2024 352 2086 eradat.
395 2021 452 2098 uei
482 2043 555 2088 usus
582 2025 744 2105 tetraloqiis
765 2025 922 2107 peculiaria
944 2033 1003 2088 est:
1035 2025 1127 2106 Λβ5
1151 2020 1363 2109 ἐσωφρόνουν
1385 2023 1441 2089 καί
1464 2020 1522 2090 oda
1544 2023 1730 2108 ἐμαίνοντο,
1758 2023 1817 2105 db
1840 2016 1946 2107 φυλά-

242 2135 368 2210 ξασθαι
402 2135 462 2200 καί
484 2135 530 2222 μὴ
552 2139 825 2221 παραγενέσθαι,
851 2137 906 2202 alia
928 2147 1031 2202 extum
1057 2140 1089 2203 in
1115 2140 1205 2221 βίθς
1233 2139 1286 2211 13;
1313 2140 1383 2216 723
1405 2137 1440 2215 83
1468 2138 1572 2221 epm
1599 2139 1635 2212 53
1665 2138 1717 2211 123
1745 2140 1819 2216 tlt
1852 2136 1890 2212 ³3
1912 2135 1947 2212 93

245 2246 868 2331 103043rp4;6;8;73;4;d4.

386 2362 479 2426 llulto
502 2364 593 2443 magis
615 2363 773 2426 admiratio
794 2371 896 2426 nustm
916 2375 1062 2437 monetur,
1085 2365 1210 2444 quod-in
1236 2363 1398 2442 tetralugiis
1417 2363 1472 2426 loci
1492 2381 1666 2426 communes
1689 2363 1740 2446 qui
1762 2362 1947 2445 appellantur

243 2475 360 2556 aliaque
382 2475 522 2538 orationis
544 2485 720 2539 ornamenta
744 2486 939 2557 usurpantur,
966 2495 1041 2558 qnae
1069 2485 1130 2540 mm
1158 2475 1258 2538 callide
1281 2476 1444 2558 composita
1466 2483 1552 2550 sunt,
1584 2488 1618 2541 ut
1639 2487 1790 2540 auctorem
1812 2475 1843 2539 in
1866 2474 1946 2538 deci·

246 2587 345 2669 piandi
379 2587 511 2651 studium
545 2587 699 2670 delapsum
730 2607 796 2651 esse
829 2588 1005 2652 edoceamur
1030 2601 1120 2671 atque
1147 2589 1259 2653 imudis
1286 2589 1469 2669 astutiaeque
1497 2588 1625 2670 suspicio
1651 2589 1770 2652 orietur.
1822 2586 1945 2650 Frustra

243 2709 341 2764 autem
370 2699 517 2782 quispiam
540 2709 676 2783 quaerat,
701 2717 790 2781 quam
814 2701 851 2764 ob
878 2719 941 2765 rem
967 2703 1023 2765 boc
1050 2712 1157 2766 ornatu
1180 2701 1326 2784 exquisito
1348 2701 1567 2780 tetraloqiarum
1589 2720 1689 2764 sermo
1711 2701 1872 2764 illustratus
1896 2699 1945 2771 sit,

241 2813 292 2895 qni
314 2813 434 2895 quidem
457 2812 488 2875 in
510 2812 694 2876 orationibus
716 2813 857 2894 parisatis
879 2811 1083 2897 absolutisque
1106 2815 1274 2878 auditorum
1298 2813 1412 2876 animos
1436 2822 1534 2876 movet
1555 2813 1721 2896 adicitque,
1743 2814 1774 2876 in
1798 2812 1855 2876 illis
1875 2829 1945 2876 vero

240 2923 516 2998 declamationibus,
539 2923 588 2988 ubi
612 2925 702 2988 multa
725 2933 755 2987 et
777 2925 874 3004 gravia
898 2925 1015 2988 brevius
1037 2945 1126 3008 quam
1148 2945 1225 3008 opus
1247 2933 1312 2990 erat
1333 2925 1465 2988 absoluta
1489 2936 1568 3001 suut,
1597 2928 1682 3007 plane
1705 2942 1941 3009 supervacaneus

242 3037 366 3101 videtur.
412 3037 484 3100 Nam
517 3037 597 3102 locos
625 3054 803 3100 communes
829 3055 935 3101 omnes
964 3037 1026 3100 iere
1054 3047 1188 3102 oratores
1214 3039 1270 3102 sibi
1298 3037 1508 3121 conscripsisse
1535 3047 1565 3101 et
1595 3037 1741 3112 didicisse,
1773 3036 1881 3119 quibus
1908 3037 1944 3100 ad

245 3152 371 3232 singulas
394 3151 544 3214 orationes
566 3149 718 3214 habendas
742 3159 906 3226 uterentur,
930 3168 1019 3214 nemo
1043 3160 1088 3213 est
1110 3151 1163 3233 qui
1177 3152 1305 3226 nesciola
1325 3153 1536 3234 unusquisque
1550 3151 1679 3233 scriptor
1694 3151 1778 3214 facile
1793 3151 1824 3212 in
1840 3167 1944 3212 eorum

246 3263 429 3328 mentionem
452 3263 570 3335 incidit,
600 3263 780 3344 simulatque
808 3264 922 3326 occasio
944 3262 1010 3325 data
1037 3271 1092 3326 est
1138 3262 1170 3327 ln
1193 3264 1354 3344 tetraloqiis
1377 3265 1521 3347 seriptum
1543 3264 1724 3328 invenimus:
1767 3263 1855 3345 Αβί
1881 3260 1946 3325 suiv

242 3377 306 3461 μὲν
337 3373 398 3459 γὰρ
431 3371 541 3440 ἄλλων
573 3372 607 3440 oi
634 3373 864 3455 δυςτυχοῦντες
893 3366 1022 3440 ὁπόταν
1054 3373 1116 3459 μέν
1144 3371 1212 3440 ἀπὸ
1239 3373 1400 3460 χειμῶνος
1428 3376 1595 3453 πονῶσιν,
1630 3371 1744 3450 aridior
1770 3375 1946 3460 γενομένης

241 3483 422 3554 παύονται·
446 3481 527 3552 ὅταν
548 3485 587 3551 dl
608 3485 806 3573 νοσήσωσιν,
829 3481 935 3567 ἀνιείς
957 3485 1131 3572 γενόμενοι
1154 3485 1329 3567 σώζονται,
1356 3489 1438 3554 Γα2
1462 3484 1481 3554 ὅ
1501 3511 1537 3554 τε
1557 3487 1621 3574 γὰρ
1644 3485 1724 3564 θεὸς
1746 3483 1946 3571 βουλόμενος

240 3603 384 3688 ποιῆσαι
405 3599 443 3666 τὸ
467 3596 687 3686 ἀνθρώπινον
708 3599 827 3687 φῦλον,
853 3599 931 3676 cosle
952 3598 1102 3685 προίτους
1122 3603 1316 3684 γενομένους
1340 3597 1461 3687 ἔφυσεν
1484 3599 1586 3689 ἡμῶν,
1621 3604 1765 3686 τροφέας
1785 3623 1821 3666 τε
1844 3601 1946 3684 παρί-

240 3714 325 3780 duas
345 3714 408 3800 τὴν
429 3715 490 3800 γῆν
510 3711 568 3779 καὶ
587 3713 647 3800 τὴν
668 3711 864 3794 samaeas,-
888 3716 946 3780 huc
966 3717 1095 3797 pertinet
1119 3722 1178 3781 Λα
1194 3713 1227 3794 3;
1249 3737 1272 3778 α
1289 3716 1344 3792 1ος
1365 3717 1387 3798 β
1405 3717 1453 3781 11.

381 3829 489 3892 Omnia
521 3829 618 3910 igitur,
652 3830 689 3893 dc
720 3829 827 3910 quibus
865 3828 1094 3910 disputavimus,
1145 3829 1244 3892 auimo
1280 3827 1367 3892 nobis
1401 3827 1605 3911 reputantibus
1642 3845 1699 3890 non
1735 3826 1843 3890 mirum
1877 3826 1943 3899 erit,

244 3943 269 4006 ti
289 3943 356 4025 quis
379 3951 509 4025 quaerat,
533 3959 623 4024 quem
645 3945 777 4006 lructum
802 3943 875 4006 baec
901 3943 1048 4008 sermonis
1075 3955 1253 4009 ornamenta
1281 3945 1414 4007 adierant
1440 3943 1644 4015 oratiunculis,
1678 3941 1786 4024 quibus
1812 3951 1944 4005 tautum·

247 4055 329 4118 modo
352 4071 489 4118 summae
510 4073 560 4118 res
581 4055 785 4135 attinguntur;
814 4072 890 4135 quus
914 4057 1012 4119 omnia
1036 4055 1108 4120 mihi
1131 4057 1269 4120 sidentur
1290 4075 1357 4120 esse
1376 4055 1520 4129 adbibita,
1549 4063 1582 4120 ut
1603 4065 1708 4120 auctor
1729 4054 1944 4137 cogitationum

248 4175 276 4228 et
294 4167 508 4232 mutentiarum
530 4167 674 4230 vanitates
697 4167 803 4230 melius
825 4177 983 4249 contegere
1004 4169 1108 4251 possit.

382 4277 522 4355 Quamvis
549 4279 590 4353 ei,
617 4280 669 4361 qui
693 4280 914 4359 tetralegiarum
943 4279 1163 4345 institutionem
1191 4279 1319 4344 summis
1345 4279 1481 4345 laudibus
1504 4281 1689 4355 extuderunt,
1719 4281 1798 4345 inter
1826 4279 1943 4344 illarum

245 4390 409 4456 umbonum
432 4400 462 4455 et
483 4391 602 4473 quintae
623 4403 782 4476 sextaeque
805 4393 1003 4456 elocutionem
1026 4394 1136 4475 aliquid
1159 4393 1339 4458 discriminis
1361 4411 1425 4456 esse
1451 4393 1665 4468 concesserint,
1695 4401 1794 4457 tamen
1815 4392 1945 4456 Blassius

242 4503 302 4568 boc
324 4507 522 4569 excusandum
544 4513 630 4588 putat
650 4514 739 4586 atque
760 4505 798 4570 de
819 4505 876 4568 alio
898 4511 1020 4568 auctore
1042 4506 1232 4586 cogitandum
1254 4523 1315 4568 non
1338 4523 1406 4568 esse
1426 4505 1547 4570 disertis
1569 4505 1665 4569 serbis
1688 4506 1837 4578 adfirmat,
1864 4505 1943 4586 quod

241 4617 412 4697 tetralepias
432 4637 447 4681 a
468 4617 585 4682 selectis
608 4626 724 4681 tantum
748 4618 1012 4700 periegetarum).
1049 4618 1107 4692 Qui
1129 4626 1203 4681 sunt
1222 4615 1345 4682 selectii'
1381 4617 1465 4681 Haud
1488 4619 1578 4684 dubia
1593 4619 1785 4702 Antiphontis
1807 4618 1944 4701 discipuli

243 4729 453 4794 standitanus.
505 4731 564 4794 Sed
593 4741 672 4794 certa
699 4731 815 4795 ratione
844 4731 1043 4795 demonstrari
1071 4749 1133 4794 non
1160 4739 1275 4813 potest,
1307 4748 1381 4795 uum
1411 4733 1541 4814 butipbo
1569 4733 1755 4813 disciplinam
1786 4731 1942 4794 oratoriam

242 4842 363 4906 insanas
391 4842 526 4908 docuerit
559 4852 591 4906 et
616 4844 740 4908 omnino
773 4843 889 4907 subolae
919 4845 1118 4926 sophistarum
1148 4861 1232 4908 more
1259 4843 1406 4909 habuerit.
1455 4845 1609 4910 Praeterea
1636 4862 1725 4926 quam
1752 4843 1791 4907 ob
1819 4860 1882 4908 rem
1911 4844 1943 4906 in

375 5105 397 5173 ¹)
414 5105 547 5161 clament
560 5107 684 5176 exempla,
696 5119 761 5174 qnae
773 5105 800 5160 ln
813 5105 973 5161 orationlbur
986 5105 1094 5176 reliquls
1106 5109 1280 5177 reperiuntur,
1294 5109 1407 5180 llopplus
1419 5108 1537 5174 aetlastt,
1548 5105 1581 5162 al.
1592 5107 1742 5178 Antlpbont.
1755 5107 1857 5176 speetu.
1868 5121 1891 5175 p.
1901 5109 1943 5166 to.

377 5191 399 5258 ¹)
416 5193 464 5247 use
481 5199 528 5247 att.
547 5191 709 5246 mestuus
727 5190 781 5264 Lp.
796 5193 852 5247 ild.
